2103 2432
0 180 4 246 i

0 471 3 628 1

0 0 69 178 Γ
182 221 189 225 .
844 0 1024 185 ῤ’

49 281 120 317 Sed
152 279 372 326 priusquam
403 288 481 312 rem
514 275 789 322 aggrediamur,
831 274 1007 320 quoniam
1038 274 1103 316 ἤδη
1129 285 1152 309 a
1176 274 1218 316 δή
1244 273 1424 320 originem
1448 275 1592 310 trahere
1618 276 1790 320 diximus,

48 336 254 374 docendum
280 342 356 379 est,
391 346 486 381 quae
512 333 559 368 sit
582 332 754 379 primitivi
778 331 951 367 vocabuli
975 331 1151 377 primaria
1174 337 1351 378 potestas
1416 333 1485 368 Est
1510 339 1631 368 autem
1655 333 1698 377 δή
1722 336 1796 382 pri-

46 394 156 431 mitus
176 394 392 429 adverbium
417 390 753 432 demonstrativum,
781 389 1053 435 ostendensque
1079 401 1124 424 ea
1149 400 1244 436 quae
1270 396 1354 424 ante
1380 390 1510 426 oculos
1535 391 1658 438 posita
1681 393 1740 427 vel
1758 393 1796 427 in

48 459 252 501 conspectu
289 458 385 488 sunt.
443 448 617 497 ,Iungitur
646 447 759 495 igitur
790 446 945 483 vocibus
972 447 1268 484 demonstrativis
1291 446 1423 492 οὗτος,
1458 448 1552 486 ἔνθα
1570 456 1638 485 etc.
1666 450 1795 486 eodem

47 513 158 548 modo
195 523 272 558 quo
304 517 473 545 nostrum
504 509 555 543 da
587 505 655 542 vel‘
681 506 799 540 eben:
842 506 906 553 qui
936 517 1028 541 usus
1065 507 1256 542 Herodoto
1286 506 1452 553 inprimis
1485 508 1696 545 tritissimus
1728 517 1794 546 est.

48 568 185 604 Herod.
197 569 225 611 1,
237 568 296 604 43.
316 568 408 604 ἔνθα
427 567 498 608 δὴὸ
513 566 624 608 ξεῖνος
639 563 748 603 οὗτος
766 563 808 604 δὴ
823 566 843 599 ὁ
857 566 1060 613 καθαρθεὶς
1074 565 1141 600 τὸν
1154 567 1284 616 φόνον,
1302 566 1517 610 καλεόμενος
1532 566 1572 602 δὲ
1582 566 1796 616 '‘Adsum-tog.

48 626 216 669 lbid.VI,
232 629 312 662 137.
339 624 433 660 οὕτω
458 622 500 664 δὴ
526 622 578 657 sic
603 628 645 656 ut
669 621 780 655 modo
807 620 978 657 diximus.
1028 623 1202 668 Xenoph.
1229 622 1323 657 Hell.
1345 623 1390 664 V,
1417 622 1450 664 4,
1478 623 1535 658 24.
1562 626 1623 660 καὶ
1647 627 1799 666 πολλοῖς

48 685 172 727 ἔδοξεν
192 684 287 724 αὕτη
313 682 355 723 δὴ
381 685 417 716 ἐν
434 679 683 724 Λακεδαίμονι
707 678 922 714 ἀδικώτατα
939 678 1018 720 δίκη
1036 683 1216 729 κριθῆναι.
1249 679 1338 713 Plat.
1355 679 1487 714 Phaed.
1505 692 1542 726 p.
1555 684 1613 717 59.
1632 682 1673 715 Β.
1690 681 1799 723 οὗτός

50 757 91 779 τε
115 740 158 784 δὴ
184 745 206 778 ὁ
222 738 501 787 Ἀπολλόδωρος.
552 737 620 771 Est
643 735 708 770 ubi
731 735 914 782 particula
940 736 1169 772 attractionis
1190 737 1351 783 quodam
1372 748 1504 783 genere
1530 748 1553 772 a
1570 738 1798 774 demonstra-

53 800 126 835 tivo
154 799 203 833 ad
226 796 418 832 relativum
451 793 674 828 vocabulum
707 793 953 840 transmigret.
1006 795 1141 829 Herod.
1162 796 1238 837 IX,
1265 798 1322 830 51.
1358 796 1584 839 ἀπικομένων
1609 796 1647 832 δὲ
1673 801 1707 838 ἐς
1733 799 1799 832 τὸν

52 862 177 909 χῶρον
200 860 359 898 τοῦτον,
396 854 463 889 τὸν
488 851 530 894 δὴ
555 855 574 894 ἢ
598 852 751 893 Ἀσωπὶς
775 853 907 902 Ὠερόη
932 852 1198 900 περισχίζεται.
1258 853 1360 887 Patet
1385 863 1432 887 ex
1466 852 1587 896 hisce,
1623 853 1798 901 appendi-

52 928 133 952 cem
160 915 201 952 δέ
224 915 261 949 ἰη
286 912 367 954 ὅδε,
408 909 559 947 τοιόσδε
592 916 627 944 et
660 909 841 944 similibus
876 910 1109 955 correptione
1144 923 1192 945 ex
1225 910 1267 953 δή
1304 917 1421 945 ortam
1446 922 1538 946 esse.
1566 932 1612 937 —
1661 912 1800 947 Eadem

50 986 166 1021 porro
192 970 389 1007 locutionis
417 973 481 1005 νῦν
506 968 547 1009 δή
574 967 684 1014 (jetzt
708 968 820 1008 eben)
847 975 979 1002 natura
1004 975 1077 1011 est,
1118 981 1213 1015 quae
1240 969 1400 1003 occurrit
1431 969 1468 1003 in
1502 969 1799 1016 frequentissimo

50 1033 117 1067 illo
144 1033 164 1068 ὃ
190 1035 255 1068 νῦν
281 1030 322 1071 δὴ
347 1028 479 1073 ἔλεγον.
528 1025 618 1060 Plat.
644 1025 849 1071 Euthyphr.
875 1038 911 1072 p.
925 1029 958 1061 5.
980 1028 1018 1061 C.
1046 1032 1112 1063 νῦν
1137 1027 1214 1071 οὖν,
1238 1030 1330 1078 πρὸς
1353 1029 1461 1070 Διός,
1487 1030 1567 1073 λέγε
1591 1042 1667 1074 μοι,
1694 1028 1714 1064 ὃ
1739 1033 1802 1065 νῦν

53 1090 96 1132 δὴ
123 1091 252 1139 σαφῶς
278 1086 411 1123 εἰδέναι
437 1083 682 1133 διισχυρίζου.

239 1167 315 1198 Not.
358 1162 453 1207 Quod
473 1163 617 1204 Hoogev.
637 1162 745 1203 pass.
767 1174 813 1204 7.‚
834 1163 997 1205 Wyttenb.
1020 1164 1060 1194 ud
1080 1164 1158 1195 Plat.
1180 1164 1295 1195 Phued.
1318 1165 1429 1205 pase.
1452 1164 1498 1195 ed.
1518 1175 1558 1202 s.‚
1580 1171 1610 1196 et
1631 1165 1739 1196 stam».
1761 1166 1801 1197 ad

177 1219 256 1250 Pht.
278 1216 397 1248 Phileb.
419 1214 532 1256 p.106.
552 1214 599 1244 ed.
622 1224 647 1244 s.
670 1221 812 1251 monent,
834 1219 894 1246 νῦν
917 1217 953 1252 δή
975 1226 1112 1256 semper,
1133 1227 1234 1257 neque
1255 1226 1391 1257 unquam
1408 1216 1532 1246 inverso
1555 1217 1662 1247 ordine
1684 1219 1722 1254 δὴ
1742 1222 1801 1251 νῦν

179 1269 263 1306 dici,
283 1268 339 1308 pei·
361 1276 391 1296 se
412 1266 538 1306 planum
561 1270 615 1294 est.
661 1265 766 1307 Quare
787 1266 818 1294 in
839 1266 1045 1305 scriptoribus
1067 1266 1210 1296 omnibus
1231 1273 1352 1306 praeter
1372 1273 1480 1306 poetas
1502 1267 1611 1306 (soph.
1634 1268 1681 1308 Aj.
1702 1272 1801 1308 9740,

179 1318 355 1358 ubicunque
375 1315 545 1357 particulae
565 1325 628 1345 una
649 1315 823 1346 elocutione
845 1317 1037 1348 consociatae
1059 1323 1131 1348 sunt
1151 1316 1205 1353 (cf.
1227 1318 1254 1358 §.
1269 1317 1314 1348 15.
1334 1322 1426 1355 ποι),
1447 1316 1538 1347 etium
1559 1318 1664 1349 invitis
1686 1319 1800 1350 codici-

178 1370 254 1407 bus,
276 1373 334 1402 νῦν
356 1369 393 1404 δή
416 1366 621 1398 scribendum.

202 1451 234 1487 §.
260 1448 293 1481 3.
343 1443 485 1478 Eodem
511 1442 835 1489 grammaticorum
860 1443 1041 1490 quaedam
1071 1443 1221 1478 notulae
1255 1443 1404 1479 ducunt.
1462 1444 1557 1480 Nam
1593 1446 1799 1492 Hesychius

54 1516 185 1541 vocem
210 1503 273 1540 δαί
297 1508 402 1554 (puta
420 1500 462 1545 δή
481 1501 605 1536 dorice
629 1502 922 1548 pronuntiatum,
949 1513 1033 1537 cum
1053 1501 1340 1537 demonstrativa
1363 1501 1469 1537 litera
1479 1501 1517 1543 ἶ)
1552 1504 1651 1550 apud
1680 1505 1799 1540 Boeo-

55 1571 116 1599 tos
140 1561 272 1600 ἐνθάδε
297 1561 466 1597 sonuisse
490 1560 603 1595 tradit
616 1558 666 1601 ἢ.
716 1560 816 1595 Idem
842 1560 953 1603 δῆθεν
975 1572 1044 1607 per
1077 1564 1250 1598 ἐντεῦθεν
1281 1560 1461 1607 explicat:
1498 1562 1557 1596 cui
1586 1562 1800 1609 interpreta-

57 1622 150 1657 tioni
182 1632 298 1663 unus,
340 1620 403 1667 qui
440 1619 530 1654 mihi
563 1625 713 1665 praesto
751 1626 826 1662 est,
870 1618 975 1653 locus
1001 1630 1049 1653 ex
1073 1624 1238 1653 veterum
1263 1625 1454 1654 auctorum
1480 1620 1640 1667 quodam
1664 1622 1799 1667 petitus

57 1679 291 1726 suffragatur.
341 1678 610 1719 Anacreont.1,
641 1679 696 1712 16.
732 1688 790 1723 ap.
817 1677 956 1712 Mehlh.
981 1689 1017 1723 p.
1030 1680 1089 1712 37.
1124 1678 1186 1712 καὶ
1219 1676 1328 1718 δῆθεν
1359 1678 1452 1725 ἄχρι
1477 1680 1538 1714 καὶ
1563 1684 1626 1715 νῦν
1642 1681 1801 1729 ’Ἑρωτος

58 1744 101 1775 οὐ
126 1739 327 1781 πέπαυμαι.
378 1737 648 1781 Hoogeveenus
673 1735 746 1768 huc
773 1735 903 1769 eodem
932 1734 1126 1769 referenda
1149 1740 1274 1780 putat,
1301 1746 1395 1780 quae
1411 1734 1586 1781 leguntur
1609 1736 1647 1770 in
1671 1737 1799 1783 Eurip.

59 1796 179 1831 Orest.
202 1797 304 1830 1112.
333 1794 470 1838 εἴσιμεν
495 1796 530 1834 ἐς
555 1793 674 1833 οἴκους
699 1792 810 1835 δῆθεν
833 1796 876 1835 ὡς
901 1796 1125 1839 θανούμενοι
1149 1792 1341 1832 (intremus
1361 1792 1469 1828 aedes
1489 1792 1617 1835 illico).
1666 1794 1799 1830 Falso:

0 1856 2 1886 Ξ
56 1866 143 1890 nam
172 1851 285 1895 δῆθεν
319 1856 362 1893 ὡς
394 1852 541 1887 inverso
577 1851 705 1886 ordine
738 1858 794 1887 est
827 1863 897 1899 pro
925 1856 972 1894 ὡς
1004 1851 1115 1894 δῆθεν
1140 1852 1260 1898 quasi.
1312 1850 1366 1886 Cf.
1391 1852 1521 1888 Aesch.
1548 1853 1666 1888 Prom.
1695 1857 1799 1890 1022.

57 1915 303 1964 ἐκερτόμησας
326 1909 434 1954 δῆθεν
458 1915 501 1953 ὡς
526 1910 626 1948 παῖδ’
651 1909 744 1948 ὄντα
769 1926 824 1957 με.
876 1910 949 1946 Sed
979 1910 1105 1946 nescio
1135 1921 1184 1945 an
1210 1910 1258 1946 ad
1281 1918 1445 1947 nostram
1469 1923 1546 1946 rem
1570 1911 1707 1947 faciant
1731 1914 1799 1948 Ae-

58 1971 178 2018 schyli
201 1970 266 2005 illa
289 1970 406 2004 Prom.
427 1974 509 2006 210.
561 1973 606 2007 Οἱ
629 1974 697 2016 μὲν
721 1973 892 2012 θέλοντες
917 1971 1084 2018 ἐκβαλεῖν
1106 1968 1220 2018 ἕδρας
1243 1972 1402 2020 Κρόνον,
1439 1972 1504 2012 Ὣ.ς
1528 1974 1616 2010 Ζεὺς
1641 1972 1802 2008 ἀνάσσοι

116 2098 147 2132 ⁸)
170 2096 212 2126 Τί
233 2095 291 2124 δαί
311 2096 369 2125 ’τί
390 2095 453 2134 γὰρ
475 2094 575 2131 ἄλλο,
602 2095 620 2130 ἢ
648 2096 683 2125 τί
710 2093 789 2135 γάρ·
817 2095 1009 2133 Κρῆτες....
1037 2093 1178 2124 Βοιωτοὶ
1206 2093 1241 2123 δὲ
1270 2093 1389 2124 ἐνθάδε
1405 2103 1412 2110 ·
1438 2093 1589 2124 Ἀττικοὶ
1617 2093 1675 2123 διὰ
1695 2093 1731 2122 τί
1751 2094 1799 2130 δή.

177 2146 317 2185 Apparet
349 2144 493 2174 excidisse
525 2144 691 2184 quaedam,
723 2149 923 2184 potestatem,
964 2154 1055 2183 quam
1090 2142 1221 2172 habebat
1251 2145 1308 2173 δαί
1344 2143 1427 2184 apud
1466 2142 1575 2173 Cretes
1603 2143 1799 2174 continentia.

175 2196 288 2237 Neque
308 2195 416 2227 dubito
438 2195 514 2238 quin
533 2197 673 2228 Βοιωτοὶ
696 2195 753 2227 δαί
775 2194 912 2228 ·ε’νθάδε
935 2193 1131 2226 scribendum
1152 2194 1205 2225 sitz
1228 2205 1359 2236 namque
1381 2194 1438 2226 hae
1458 2203 1549 2227 voces
1569 2192 1652 2225 inter
1672 2203 1705 2225 se
1725 2197 1799 2225 con-

175 2248 265 2280 fundi
285 2247 396 2279 solent.
