2103 2432
911 169 933 201 8

53 293 189 341 Reisig.
217 294 358 328 Comm.
385 293 433 329 ad
459 293 571 340 Soph.
598 292 687 328 Oed.
714 292 792 327 Col.
817 294 945 338 p.286.
994 291 1168 339 Bacchyl.
1194 298 1257 327 aut
1283 289 1458 327 Simonid.
1484 291 1577 339 frag.
1628 295 1794 331 Πολλάκι

50 352 91 394 δὴ
115 355 231 401 φυλῆς
254 353 520 399 Ἀκαμαντίδος
545 356 583 387 ἐν
606 356 780 401 χοροῖσιν
797 349 918 399 ῗΩραι
944 351 1199 393 Ἀνωλόλυξαν.

194 415 224 451 §.
255 414 311 446 13.
363 412 455 445 Cum
490 410 616 445 eadem
651 409 752 455 lege,
792 420 902 455 quam
936 415 1057 443 tamen
1087 416 1219 455 poetae
1251 408 1410 452 violant,
1449 409 1641 445 vocabulis
1670 412 1799 459 πάρος,

47 471 227 517 πάροιθε,
269 471 389 506 πάλαι
426 475 461 504 et
496 469 632 505 ἄλλοτε
665 474 824 515 utraque
860 467 1043 514 particula
1085 468 1332 515 conjungitur.
1384 467 1424 502 Π.
1445 482 1489 510 α,
1520 468 1602 503 453.
1644 465 1710 510 ἤδη
1735 469 1801 513 μέν

45 530 129 563 ποτ’
154 531 240 574 ἐμεῦ
275 522 391 578 πάροζ
422 527 553 569 ἔκλυες.
604 526 706 561 Pind.
734 526 792 561 Ol.
808 527 915 570 XIII,
946 526 1013 562 145
1039 529 1146 568 (98).
1197 527 1238 562 ΙΙ.
1257 543 1303 570 α,
1332 530 1414 563 590.
1464 526 1576 573 Soph.
1608 525 1696 561 Phil.
1717 529 1798 562 795.

48 588 147 631 ἀλγῶ
180 588 302 623 πάλαι
325 585 378 629 δή.
416 587 535 632 Hujus
565 584 764 621 locutionis
795 585 966 632 exempla
988 585 1104 621 multa
1130 585 1278 633 collegit
1301 584 1429 621 Elmsl.
1465 585 1513 621 ad
1541 584 1669 632 Eurip.
1697 583 1797 620 Med.

47 656 82 678 v.
99 646 203 680 1086.
253 646 307 686 Δὴ
331 647 450 680 πάλαι
475 644 622 691 scripsit
647 643 748 678 Pind.
775 643 990 687 Nem.V111,
1017 646 1063 680 86
1088 647 1177 684 (65).

196 707 228 745 §.
259 703 313 739 14.
363 702 588 750 Hesychius:
628 702 669 746 δὴ
701 704 781 754 γάρ·
818 701 882 745 ἤδη
911 704 992 754 γάρ.
1046 701 1115 738 Cui
1152 700 1390 752 explicationi
1424 712 1499 738 non
1531 701 1642 750 pauci
1665 708 1797 751 poetae

48 761 121 795 loci
154 761 424 808 suffragantur:
476 762 544 796 Od.
568 776 610 804 α,
640 762 720 798 194.
771 761 811 795 Il.
832 775 873 810 ρ,
905 762 986 796 545.
1039 762 1076 804 ξ,
1104 766 1187 798 282.
1237 777 1285 805 π,
1312 763 1394 797 425.
1444 777 1483 804 v,
1510 766 1592 797 517.
1642 763 1797 796 Eadem-

49 830 120 866 que
157 818 282 855 locum
313 819 423 855 habet
453 820 491 854 in
526 819 565 861 ὃς
590 819 642 862 δή.
694 818 866 866 Sappho:
912 819 1075 865 Τιμάδος
1106 819 1173 856 ἅδε
1209 822 1324 864 κόνις,
1368 821 1440 856 τὰν
1473 818 1516 861 δὴ
1552 822 1624 869 πρὸ
1662 821 1798 865 γάμοιο

47 881 237 915 Ξανοῖσαν
260 880 402 921 Δέξατο
426 880 660 930 Φερσεφόνας
684 881 830 920 κυάνεος
855 880 1036 924 Βάλαμος.
1091 879 1159 914 Od.
1180 880 1216 922 ξ,
1243 883 1325 917 289.
1374 881 1416 928 β,
1445 880 1499 914 16.
1551 878 1592 913 Il.
1619 892 1663 921 σ,
1689 878 1723 913 4.

195 941 226 977 §.
257 941 310 973 15.
354 938 448 980 ’Ήδη
473 942 555 980 νῦν,
579 936 670 984 jam
695 949 817 980 nune,
844 936 969 983 (quod
1002 937 1133 972 Atticis
1168 938 1344 973 usitatum
1375 936 1489 971 fuisse
1525 942 1636 983 negat
1659 935 1796 983 Reisig.

49 995 217 1042 Conject.
254 996 301 1031 ad
334 995 571 1043 Aristoph.I,
608 1007 644 1042 p.
668 998 750 1036 158)
794 1002 830 1031 et
866 995 914 1030 ad
947 1007 1122 1042 praesens
1158 1003 1194 1032 et
1228 996 1275 1031 ad
1310 995 1475 1031 futurum
1508 1001 1652 1042 tempus
1684 994 1797 1030 refer-

47 1061 126 1090 tur:
154 1056 251 1091 unde
276 1056 331 1099 fit,
357 1062 398 1091 ut
421 1055 533 1090 modo
559 1054 681 1090 sehon
700 1054 808 1100 jetzt,
834 1055 945 1090 modo
969 1055 1102 1103 gleiclz
1115 1056 1218 1103 jetzt
1243 1055 1457 1091 vertendum
1482 1054 1540 1090 sit.
1591 1054 1683 1097 11.0‚
1714 1058 1794 1090 110.

47 1113 112 1156 ἤδη
144 1117 215 1164 γὰρ
245 1119 307 1150 νῦν
337 1114 464 1159 ἔλπομ’
492 1111 600 1163 ’Ἄρηΐ
631 1127 670 1158 γε
701 1118 802 1158 πῆμα
833 1117 1031 1161 τετύχὲαι.
1082 1114 1172 1149 lbid.
1200 1129 1243 1157 α,
1270 1114 1352 1150 456.
1397 1113 1461 1155 ἤδη
1493 1117 1557 1149 νῦν
1587 1113 1795 1149 Δαναοῖσιν

50 1175 174 1209 ἀεικέα
222 1174 345 1219 λοιγὸν
383 1172 534 1218 ἄμυνον.
585 1171 664 1206 Liv.
684 1171 772 1214 Vll,
805 1174 862 1208 32.
899 1172 976 1218 jam
1017 1184 1115 1207 nunc
1142 1200 1150 1208 .
1171 1199 1179 1207 .
1200 1199 1208 1207 .
1235 1171 1450 1207 consulatus
1492 1177 1602 1217 patet.
1665 1172 1793 1206 Horat.

48 1232 169 1265 Carm.
189 1230 233 1273 ΙΙ,
263 1236 293 1273 1,
323 1236 377 1267 17.
405 1223 561 1265 Terent.⁴
589 1230 702 1264 Andr.
720 1230 746 1272 Ι,
770 1235 800 1272 1,
824 1230 903 1265 144.
943 1232 1088 1266 Εωηυ3”
1106 1232 1182 1277 jam
1208 1243 1305 1265 nunc
1327 1231 1435 1265 intro.
1468 1230 1558 1263 Item
1583 1234 1646 1266 νῦν
1670 1228 1712 1271 δή
1736 1229 1793 1265 vel

51 1286 117 1325 ‘'ri‘w
129 1288 208 1332 ἤδη,
233 1300 336 1323 nunc
353 1287 452 1334 jam,
478 1288 590 1323 modo
609 1288 707 1334 jetzt
730 1288 852 1322 sehon
875 1289 986 1323 modo
1000 1289 1104 1337 jetzt
1115 1289 1247 1337 gleiclz
1274 1294 1392 1324 sonat.
1443 1287 1605 1333 Theogn.
1625 1288 1707 1323 969.
1733 1292 1796 1323 νῦν

49 1347 82 1384 δ’
108 1347 172 1390 ἤδη
198 1348 414 1384 τεὲόλωται.
465 1347 553 1383 Plat.
587 1346 737 1382 Phaedr.
775 1358 812 1393 p.
833 1349 914 1383 228.
943 1349 981 1382 C.
1020 1353 1137 1386 αὐτοῦ
1168 1345 1342 1391 δεήθητι,
1385 1345 1474 1394 ὅπερ
1508 1347 1615 1393 τάχα
1648 1347 1794 1387 πάντως

50 1411 214 1450 ποιήσει,
249 1412 312 1444 νῦν
342 1405 406 1449 ἤδη
428 1412 559 1443 ποιεῖν.
610 1406 647 1440 ll.
667 1422 707 1448 η,
734 1407 815 1441 226.
846 1404 1000 1454 Ἕκτορ,
1035 1411 1098 1443 νῦν
1131 1410 1198 1453 μὲν
1233 1406 1274 1449 δὴ
1309 1408 1418 1456 σάφα
1450 1404 1587 1441 εἴσεαι..
1639 1403 1713 1439 Cic.
1746 1403 1794 1452 ad

49 1465 131 1501 Div.
144 1465 226 1509 XII,
241 1470 296 1502 12.
330 1465 438 1500 Nunc
457 1465 532 1511 jam
551 1477 633 1500 sum
651 1463 857 1510 expeditus.
886 1463 1030 1500 Terent.
1056 1465 1211 1513 Adelph.
1222 1466 1266 1509 ΙΙ,
1289 1471 1321 1508 1,
1343 1464 1398 1500 14.
1417 1464 1433 1498 I
1457 1463 1554 1498 intro
1573 1474 1671 1497 nunc
1688 1463 1775 1510 jam.

231 1527 305 1558 Not.
332 1538 357 1558 ι.
400 1526 585 1567 Saepissime
607 1526 733 1563 eccidit,
762 1532 798 1556 ut
818 1530 877 1558 νῦν
898 1532 927 1556 et
948 1528 1004 1565 δή,
1030 1527 1101 1557 loco
1129 1528 1309 1569 conjuncta,
1340 1525 1486 1557 sententie
1512 1524 1552 1555 ad
1579 1524 1700 1555 diverse
1730 1535 1795 1566 spe·

172 1585 262 1608 ctent.
304 1578 382 1607 plat.
405 1577 537 1607 Phaedr.
559 1587 667 1617 p.277.
688 1577 727 1606 A.
770 1582 841 1609 Νῦν
868 1579 904 1613 δι’.-
931 1581 1039 1609 ἐκεῑνα
1061 1579 1118 1615 ἤδη
1140 1602 1147 1609 .
1165 1603 1171 1609 .
1196 1579 1368 1618 δυνάμεθα
1388 1578 1527 1618 κρίνειν,
1560 1577 1688 1607 τούτων
1715 1579 1795 1616 ὡμο-

171 1630 351 1671 λογημένων
372 1634 450 1664 (nun
468 1628 592 1658 kiinnen
616 1629 675 1657 wir
694 1627 812 1665 also).
835 1627 913 1659 Plat.
937 1627 1036 1670 Gorg.
1058 1629 1167 1669 p.448.
1188 1629 1227 1660 A.
1249 1630 1305 1660 καὶ
1326 1630 1401 1670 γὰρ
1424 1629 1467 1665 δὴ
1488 1632 1557 1661 νῦν.
1576 1626 1615 1657 of.
1625 1626 1740 1658 Heind.
1754 1628 1796 1670 nd

172 1680 203 1710 h.
219 1681 239 1710 l.
280 1680 390 1721 Eurip.
413 1679 527 1710 Orest..
544 1688 612 1720 2²7·
655 1680 753 1710 ἀκουε
782 1680 819 1717 δὴ
842 1685 900 1713 νῦν
929 1686 982 1715 (so
1003 1679 1080 1710 lu'ire
1100 1681 1180 1710 darm
1195 1681 1306 1720 juzu:
1336 1679 1408 1711 item
1430 1679 1629 1719 Phoen.9u.
1651 1684 1681 1709 et
1705 1682 1793 1720 1427.

171 1732 217 1762 Ac
237 1731 300 1762 fere
320 1732 496 1772 ubicunque
517 1735 577 1762 νῦν
598 1733 636 1767 δή
658 1731 697 1761 ab
718 1731 829 1762 Atticis
851 1732 1054 1773 scriptoribus
1075 1741 1143 1762 cum
1164 1731 1270 1763 futuro
1292 1731 1497 1773 componitur,
1518 1731 1594 1761 bueo
1613 1731 1691 1760 ratio
1704 1730 1793 1760 valet.

173 1782 222 1813 Cf.
245 1782 351 1813 Stanb.
372 1783 411 1813 ad
435 1783 512 1812 Plat.
537 1782 653 1812 Phileb.
675 1794 704 1823 p.
719 1784 880 1824 105.eeqq.

234 1839 308 1869 Not.
333 1848 360 1868 2.
395 1839 497 1876 ”Ηδη,
534 1849 603 1868 cum
637 1838 670 1868 in
697 1845 833 1881 tempore
868 1840 1060 1882 designando
1088 1845 1185 1869 tolum
1215 1846 1367 1877 versetur,
1405 1839 1559 1870 interdum
1586 1837 1626 1869 ad
1654 1836 1794 1868 locorum

173 1890 303 1930 spatium
323 1890 365 1919 it·
387 1889 537 1927 refertur,
565 1896 600 1920 ut
621 1891 769 1930 temporis
799 1891 890 1921 simul
916 1891 1066 1920 rationem
1095 1890 1238 1922 involvat.
1281 1891 1445 1928 Thuc.111,
1467 1891 1515 1932 95.
1549 1891 1605 1921 καὶ
1626 1892 1793 1921 Φωκεῦσιν

172 1941 230 1978 ἤδη
261 1940 375 1981 ὅμορος
405 1943 422 1977 ἡ
456 1942 600 1973 Βοιωτία
640 1943 746 1974 ἐστίνι
792 1943 881 1983 quasi
915 1941 1045 1983 digerit,
1076 1952 1095 1972 a
1122 1941 1260 1973 Phocide
1294 1942 1441 1974 continuo
1474 1941 1509 1972 in
1537 1941 1575 1972 B.
1603 1940 1792 1982 pervenitur.

172 1991 289 2022 Herod.
305 1991 357 2030 111,
378 1992 408 2023 5.
436 1993 503 2025 ἀπὸ
523 1993 646 2030 ταύτης
667 1994 724 2031 ἤδη
744 1994 922 2035 Αἴγυπτος.
1465 1992 1469 1995 ⁴

464 2114 535 2150 De
561 2115 872 2161 conjunctivo
898 2116 1258 2165 particularum
1284 2129 1377 2155 usu.

196 2224 227 2261 §.
258 2222 312 2256 16.
365 2219 474 2266 Quod
497 2220 535 2255 in
561 2222 750 2266 omnibus,
783 2230 892 2270 puto,
925 2222 1060 2271 linguis
1091 2223 1253 2260 solemne
1285 2229 1357 2268 est,
1391 2229 1433 2260 ut
1463 2220 1789 2271 temporalespar-

52 2278 186 2314 ticulae
212 2278 261 2314 ad
286 2280 548 2315 sententiarum
573 2280 768 2317 relationes
801 2283 1058 2329 significandas
1084 2290 1295 2327 transeant,
1328 2283 1364 2318 h.
1390 2295 1421 2319 e.
1447 2283 1485 2319 in
1511 2280 1790 2329 conjunctiones
