2103 2432
1173 118 1195 151 9

317 251 507 281 vertantur
538 255 586 278 ex
616 241 817 278 adverbiis:
860 242 898 277 id
933 249 969 277 et
1001 241 1039 276 in
1071 253 1205 289 graeco
1236 241 1420 276 vocabulo
1446 239 1489 284 δή
1514 253 1543 276 s.
1568 242 1631 285 ἤδη
1656 249 1691 278 et
1715 243 1752 277 in
1775 243 1889 279 latino
1899 244 1991 292 jam
2016 251 2052 280 et

317 304 356 339 in
381 302 578 339 vernaculo
604 314 683 337 mm
709 301 851 336 accidit.
902 301 1049 347 Itaque,
1084 300 1391 347 quemadmodum
1415 300 1610 347 temporali
1634 313 1706 337 usu
1730 309 1871 349 tempus
1896 303 2052 350 tempori

316 362 555 407 conjunctum
580 361 655 396 sive
678 360 889 407 proximum
914 371 995 395 esse
1020 359 1228 403 declarant,
1253 359 1313 395 1ita
1337 358 1572 404 conjunctivo
1599 361 1816 396 sententiam
1839 362 2050 397 sententiae.

316 420 526 456 Transitum
549 420 661 466 igitur
685 419 733 454 ad
756 417 967 464 conjuncta
997 417 1053 453 vel
1082 419 1300 466 propinqua
1324 424 1476 465 parant,
1509 429 1556 452 ex
1587 430 1663 465 quo
1697 418 1789 454 illud
1814 419 1854 462 δή
1878 423 2048 469 ματαβα-

315 480 419 516 τικόν
454 485 617 514 vocatur.
668 477 710 512 Id
743 483 889 524 praeter
911 476 1000 523 jam
1024 482 1060 512 et
1090 489 1169 511 nun
1200 476 1307 511 etiam
1341 488 1409 524 per
1439 487 1577 523 porro
1603 483 1638 526 et
1671 478 1777 513 darm
1801 478 1892 514 verti
1915 485 2049 525 potest.

314 537 443 584 Eurip.
477 536 612 572 Phoen.
638 540 697 574 32.
729 535 793 579 ἤδη
825 533 865 572 δὲ
896 541 1056 583 πυρσαῖς
1091 536 1236 581 γένυσιν
1268 534 1547 587 ἐξανδρούμενος
1576 540 1663 577 παῖς
1699 538 1829 581 οὔμός.
1877 537 2049 584 Xenoph.
2101 541 2103 553 ¹

317 597 404 632 Oec.
429 599 464 637 8,
491 599 548 631 20.
579 598 631 631 τὰ
655 595 694 631 δὲ
718 594 817 631 ἄλλα
842 592 907 635 ἤδη
936 607 1009 629 που
1046 595 1119 628 ἀπὸ
1150 597 1288 629 τούτου
1320 593 1475 630 ἅπαντα
1507 595 1641 629 καλλίω
1675 596 1855 645 φαίνεται
1888 599 2046 640 (porro).

315 652 450 690 Herod.
470 652 497 697 I,
527 652 607 689 114.
633 651 683 696 εἷς
703 652 744 695 δὴ
762 655 905 689 τούτων
924 654 996 689 τῶν
1012 649 1166 689 παιδίων
1183 651 1405 697 συμπαίζων.
1454 651 1544 687 Plat.
1571 651 1662 687 Min.
1690 663 1727 700 p.
1740 654 1799 690 88.
1825 653 1867 687 Α.
1918 656 2049 690 Ταῦτα

313 716 462 759 λέγομεν
486 715 546 748 καὶ
569 715 621 748 τὰ
645 714 805 747 τοιαῦτα
829 711 1007 761 ὠφέλιμα.
1057 712 1174 758 Οιῖχίς
1207 709 1362 753 ,,Ναι’.“
1411 713 1545 746 Ταύτὰ
1570 712 1612 752 δὴ
1637 714 1763 747 ταῦτά
1788 720 1913 759 φαμεν
1934 714 2051 748 ἐνίοτε
2079 752 2082 754 ,
2102 732 2103 759 ἦ

306 772 374 808 ’καὶ
396 772 587 819 βλάπτειν.

456 833 487 870 §.
516 833 571 865 17.
620 827 726 864 Initio
760 824 883 863 statim
915 825 1121 873 paullulum
1155 825 1346 862 deflectere
1376 825 1479 862 lubet
1512 838 1536 863 a
1557 826 1616 862 via
1642 826 1690 862 ad
1713 827 1915 863 remotiora
1939 840 2048 876 quae·
2101 835 2103 842 ⁴

313 888 417 931 dam,
444 899 621 934 quorum,
647 898 731 921 cum
755 886 801 920 ab
827 885 896 920 hac
924 885 1037 931 stirpe
1061 885 1363 931 proficiscantur,
1388 892 1464 920 tam
1483 884 1629 920 diversa
1652 892 1708 921 est
1732 886 1845 929 ratio,
1872 894 1913 922 ut
1931 899 2048 923 novae

311 946 395 981 inde
427 945 710 993 significationes
746 943 917 979 existant.
978 943 1074 978 Nam
1103 943 1282 990 primum,
1318 943 1406 987 ubi,
1444 955 1539 992 quae
1575 951 1802 991 sequuntur,
1839 946 1983 992 majora
2014 954 2051 983 et

313 1006 483 1054 graviora
504 1011 610 1050 sunt,
636 1015 746 1051 quam
771 1002 1039 1045 antecedentia,
1066 1003 1104 1037 fit
1129 1002 1346 1049 significatio
1372 1003 1546 1038 vollends
1560 1002 1618 1038 vel
1633 1010 1733 1037 erst:
1759 1015 1870 1051 quam
1894 1006 2050 1042 eandem

311 1071 530 1111 potestatem
554 1063 668 1097 latino
688 1062 772 1108 jam
797 1074 904 1105 vero,
929 1060 996 1095 ubi
1019 1060 1188 1095 transitui
1212 1061 1397 1104 inserviat,
1422 1068 1458 1096 et
1482 1072 1569 1097 vero
1587 1060 1694 1095 etiam
1719 1062 1876 1109 simplici
1892 1064 1979 1109 jam
1996 1065 2049 1099 in·

312 1134 411 1165 esse,
448 1120 771 1163 Doederlinus,
807 1132 915 1167 quem
938 1124 1219 1166 praeceptorum
1245 1120 1475 1168 eundemque
1501 1119 1650 1155 scholae
1675 1127 1825 1155 nostrae
1850 1121 2049 1158 antistitem

311 1193 454 1219 summa
477 1179 681 1216 reverentia
704 1178 861 1214 observo
876 1204 886 1221 ,
927 1189 1046 1224 nuper
1073 1177 1111 1212 in
1143 1178 1291 1214 Decade
1321 1179 1420 1220 lectt.
1445 1180 1588 1215 Horatt.
1612 1192 1649 1226 p.
1666 1184 1721 1215 17.
1748 1179 1884 1215 docuit.
1935 1182 2047 1228 Soph.

306 1240 427 1275 Elect.
451 1243 510 1276 92.
542 1240 593 1275 τὰ
624 1238 663 1275 δὲ
686 1236 919 1286 παννυχίδων
942 1235 1005 1277 ἤδη
1037 1239 1165 1282 (atque
1195 1237 1338 1284 vigilias
1370 1237 1462 1273 adeo
1497 1238 1529 1273 si
1562 1249 1854 1273 commemorem.
1905 1240 2046 1282 Herm.)

308 1298 496 1345 Aristoph.
522 1296 679 1332 Acharn.
705 1298 786 1333 539.
835 1293 970 1329 Herod.
989 1293 1044 1336 ΙΙ,
1074 1298 1129 1330 15.
1161 1293 1224 1337 ἤδη
1257 1297 1328 1343 γάρ
1352 1304 1425 1348 σφι
1448 1298 1494 1333 τό
1518 1311 1555 1343 γε
1579 1297 1708 1333 Δέλτα
1724 1303 1791 1331 etc,
1817 1297 1942 1337 (dean
1966 1299 2046 1334 1201.

308 1358 416 1393 Iends
436 1357 507 1392 das
528 1356 649 1391 Delta
667 1356 716 1391 ist
732 1366 812 1403 gar
832 1353 1282 1401 neaangeselzwemmees
1300 1353 1446 1397 Laud).
1493 1355 1665 1402 Xenoph.
1692 1356 1779 1392 Oec.
1809 1360 1864 1395 15.
1890 1361 1925 1394 8.
1951 1358 2047 1402 αὕτη

307 1419 379 1466 γὰρ
403 1417 504 1459 ἴσως,
528 1415 621 1466 ἔφην
645 1417 727 1461 ἐγὼ,
752 1411 818 1456 ἤδη
843 1414 948 1449 ἐστὶν
972 1416 991 1455 ἡ
1016 1417 1177 1449 ποιοῦσα
1197 1419 1264 1449 etc.
1301 1414 1408 1454 [haec
1434 1414 1605 1455 demum).
1655 1415 1771 1450 Thuc.
1797 1416 1858 1460 IV,
1886 1420 1943 1454 78.
1978 1420 2045 1460 τὴν

301 1478 379 1525 γὰρ
404 1475 616 1512 Θεσσαλίαν
647 1472 763 1514 ἄλλως
795 1485 837 1508 τε
862 1477 926 1508 οὐκ
949 1468 1105 1522 εὔπορον
1128 1470 1169 1513 ἦν
1193 1471 1325 1509 διιέναι
1349 1472 1436 1510 ἄνευ
1459 1477 1619 1519 ἀγωγοῦ,
1655 1475 1716 1509 καὶ
1739 1477 1837 1521 μετὰ
1861 1475 1981 1513 ὅπλων
2004 1491 2045 1523 γε

303 1534 349 1575 δή
371 1540 437 1568 etc.
486 1531 659 1578 Xenoph.
684 1531 794 1565 Mem.
820 1530 872 1572 ΙΙ,
900 1534 932 1571 1,
961 1529 1016 1564 14.
1066 1529 1164 1563 Hier.
1183 1530 1217 1572 Ι,
1244 1532 1302 1566 36.
1326 1537 1362 1566 et
1388 1536 1430 1574 7,
1454 1535 1487 1567 3.
1539 1532 1652 1578 Soph.
1688 1532 1778 1567 Oed.
1818 1533 1897 1568 Col.
1937 1538 2042 1571 1582.

303 1592 396 1628 Plat.
421 1590 572 1627 Phaedr.
597 1602 633 1636 p.
644 1591 726 1626 260.
751 1589 794 1624 B.
818 1588 860 1625 οὔ
883 1590 937 1624 πώ
963 1597 1017 1633 γε·
1043 1590 1121 1624 ἀλλ’
1145 1587 1209 1624 ὅτε
1233 1585 1276 1630 δὴ
1301 1590 1443 1640 σπουδῇ
1468 1604 1511 1626 σε
1534 1593 1700 1637 ursianam
1719 1597 1786 1626 etc.

449 1653 479 1690 §.
507 1652 562 1686 18.
610 1647 751 1683 Deinde
767 1647 831 1683 uhi
852 1652 1059 1693 sequuntur
1073 1657 1127 1689 ea,
1155 1657 1249 1693 quae
1265 1658 1311 1682 ne
1336 1649 1608 1696 exspectaveris
1628 1649 1786 1697 quidem,
1811 1650 1909 1687 valet
1921 1653 2039 1689 etiam

300 1708 442 1751 (auch,
485 1712 642 1755 sogam:
682 1706 785 1754 quod
816 1704 1039 1742 vocabulum
1071 1711 1107 1740 et
1139 1704 1262 1752 ipsum
1296 1717 1343 1741 ex
1371 1707 1458 1754 jam
1489 1708 1627 1744 factum
1654 1720 1735 1745 esse
1759 1710 2039 1748 animadvertes.

303 1767 472 1804 Aeschin.
506 1766 587 1802 adv.
613 1766 772 1814 Ctesiph.
810 1770 841 1808 §.
866 1768 944 1803 193.
985 1763 1051 1808 ἤδη
1084 1764 1114 1802 δ’
1147 1768 1186 1801 ἐκ
1215 1769 1287 1802 τῶν
1318 1770 1461 1816 τεχνῶν
1490 1771 1562 1805 τῶν
1585 1769 1844 1815 Δημοσθένους
1875 1774 2039 1821 αἰσχρὸν

301 1827 436 1869 ἔθος..
471 1824 741 1875 παραδέχεσὲε.
800 1824 893 1860 Vide
924 1824 1108 1859 Bremium
1140 1824 1188 1859 ad
1212 1824 1247 1859 h.
1273 1824 1297 1859 l.
1347 1826 1482 1862 Herod.
1501 1827 1589 1870 VII,
1622 1831 1679 1864 35.
1712 1827 1777 1871 ἤδη
1808 1828 1850 1867 δὲ
1882 1831 2034 1876 ἤκουσα,

300 1889 347 1928 ὡς
365 1892 432 1921 etc.
477 1884 523 1920 cf.
549 1883 754 1931 Schweigh.
780 1884 871 1918 Lex.
897 1882 1032 1918 Herod.
1081 1883 1207 1930 Eurip.
1243 1884 1351 1919 Rhes.
1384 1885 1468 1923 499.
1505 1886 1569 1928 ἤδη
1593 1885 1624 1922 δ’
1648 1890 1824 1936 ἀγύρτης,
1849 1894 2035 1938 πτωχικὴν

299 1944 395 1993 ἔχων
431 1945 583 1986 στολὴν,
622 1945 770 1985 εἰσῆλθε
804 1945 972 1992 πύργους.
1032 1943 1204 1989 Xenoph.
1240 1944 1374 1991 Cyrop.
1392 1944 1494 1987 VIII,
1530 1947 1572 1987 8,
1598 1946 1632 1980 6.
1670 1952 1715 1983 οὐ
1738 1949 1854 1992 μόνον
1879 1968 1926 1975 -
1951 1951 2032 1986 ἀλλ’

301 2001 377 2044 ἤδη.
427 2001 576 2036 Aristot.
602 2001 707 2036 Rhet.
727 2001 777 2044 II,
802 2002 836 2036 6.
860 2012 896 2046 p.
917 2004 974 2036 73.
1001 2001 1101 2047 Sylb.
1127 2004 1291 2050 αἰσχρὸν
1314 2005 1385 2051 γὰρ
1409 2001 1474 2045 ἤδη
1499 2004 1543 2038 τὸ
1568 2005 1615 2047 μὴ
1640 2005 1818 2052 μετέχειν.

444 2064 474 2101 ς.
501 2063 556 2097 19.
607 2058 733 2095 Solent
764 2058 967 2106 particulae
1000 2071 1044 2094 eo
1063 2071 1195 2104 sensu,
1231 2073 1340 2108 quem
1374 2061 1413 2096 in
1448 2060 1746 2097 antecedentibus
1776 2063 2032 2110 explicuimus,

300 2131 384 2155 cum
409 2120 471 2155 καί
504 2117 719 2153 consociari.
768 2117 896 2164 Eurip.
920 2117 1094 2153 Androm.
1124 2120 1205 2155 224.
1241 2122 1302 2156 καὶ
1324 2121 1472 2167 μαστὸν
1495 2118 1560 2162 ἤδη
1583 2124 1758 2162 πολλάκις
1783 2125 1928 2159 uisam
1951 2130 2034 2167 σοῖς

296 2180 459 2227 ἐπέσχον
481 2177 579 2217 (and
601 2176 663 2212 ich
680 2176 781 2211 habe
806 2185 930 2224 sogar
946 2181 1031 2218 etc.)
1082 2178 1232 2213 Himerii
1257 2178 1335 2213 Ecl.
1362 2183 1418 2215 20.
1445 2183 1474 2220 §.
1488 2181 1522 2214 6.
1548 2184 1734 2227 φεύγωμεν
1757 2183 1825 2216 τὸν
1849 2184 1977 2231 κόρον,
2004 2181 2031 2218 ὦ

261 2260 266 2266 ,
295 2235 423 2279 παῖδες
434 2246 442 2253 ·
460 2236 596 2279 τοξεύει
612 2237 683 2284 γὰρ
701 2238 875 2278 πολλάκις
891 2234 938 2272 δι’
955 2234 1062 2287 ὕβριν
1078 2234 1189 2279 οὗτος
1210 2238 1270 2274 καὶ
1288 2243 1415 2280 αὐτοῖς
1432 2236 1497 2280 ἤδη
1517 2243 1596 2280 τοῖς
1613 2241 1722 2288 ἐρῶσι
1740 2239 1860 2279 (auch
1877 2245 2031 2287 sogor).

1451 2303 1471 2324 o

1451 2324 1474 2336 d
