2103 2432
916 127 959 158 1-’1

42 251 303 287 'adhibuimus
341 250 528 297 exempla,
571 262 646 286 non
678 261 799 297 pauca
834 249 995 296 reperies
1031 250 1065 285 ei
1100 251 1300 286 sententiae
1334 253 1478 300 affines3
1519 260 1597 290 tum
1630 256 1813 303 particula

33 339 38 342 ,
74 310 213 357 igitur,
244 315 375 356 utpote
401 321 486 344 cum
509 309 669 345 vicissim
694 308 907 343 consecutio
941 309 1136 345 transitum
1161 310 1447 357 complectatur,
1481 313 1695 359 saepissime
1729 314 1813 349 huic

71 367 190 414 magis
216 378 329 415 quam
353 368 409 403 illi
430 368 591 403 inservit.
639 369 724 403 Jam
748 367 987 414 subjiciamus
1014 368 1193 414 exempla.
1241 369 1412 416 Xenoph.
1429 370 1547 406 Anah.
1567 371 1612 415 ΙΙ,
1636 375 1671 416 6,
1697 373 1730 408 4.
1758 377 1815 415 (3)

37 421 128 469 ᾳῆδη
159 424 198 463 δὲ
232 428 356 478 φυγὰς
388 427 452 471 ὤν,
493 425 648 478 ἔρχεται
678 429 768 477 πρὸς
802 432 933 477 Κῦρον.
986 426 1209 464 Plat.1Polit.
1241 440 1277 475 p.
1297 430 1379 465 261.
1404 429 1443 465 C.
1495 431 1557 466 καὶ
1589 436 1666 468 πᾶν
1699 431 1815 475 οὕτως

42 485 128 529 ’ἤδη
154 486 388 536 διαιρήσεται
413 486 514 535 δίχα.
575 485 711 521 Herod.
725 486 752 529 I,
781 491 835 521 11.
868 489 1034 534 αἱρέεται
1065 489 1179 528 αὐτὸς
1204 493 1398 536 περιεῖναι·
1430 492 1609 535 ἐπειρώτα
1634 490 1676 532 δὴ
1702 493 1815 535 λέγων

60 545 155 581 τάδε
179 549 241 585 (so
257 543 385 592 fragt
408 556 452 579 er
471 548 568 585 etc).
619 543 710 579 Ibid.
731 555 761 579 e.
789 545 869 579 116.
918 545 1141 594 Ἀρχόμενος
1166 543 1209 587 δὴ
1233 543 1294 581 ἀπ’
1318 547 1435 594 ἀρχῆς
1460 544 1589 595 διεξῄει
1605 553 1673 583 eto.
1723 547 1813 584 Plat.

68 603 194 651 Symp.
225 615 263 651 p.
279 606 361 640 207.
386 604 428 639 A.
463 607 666 649 ἀναγκαῖον
696 602 750 645 δὴ.
815 602 948 639 Phaed.
978 616 1014 651 p.
1032 606 1091 640 60.
1125 605 1168 639 A.
1205 603 1230 640 ὦ
1255 607 1463 652 Σώκρατες,
1496 605 1665 642 ὕστατον
1698 606 1739 648 δὴ
1771 609 1815 643 σὲ

62 666 291 711 προσεροῦσι
323 666 386 698 νῦν
424 665 458 697 οἱ
492 661 690 704 ἐπιτήδειοι
726 665 795 701 (so
833 662 1024 707 sprecken
1062 662 1180 705 Diclr
1205 662 1307 696 denn
1343 662 1435 697 beat
1466 662 1596 697 Deine
1629 663 1818 699 Freunde

63 731 149 756 zum
176 718 444 761 letne-umam)

212 783 243 819 §-
271 783 327 815 27.
378 779 465 812 Post
495 777 737 824 parentheses
771 789 841 824 pro
876 778 1032 825 inquam
1067 778 1175 824 (sag'
1200 778 1284 818 ich)
1318 777 1394 820 vel,
1421 778 1463 813 >si
1495 779 1665 826 pluribus
1691 780 1813 816 verbis

66 837 275 885 exprimere
298 836 407 879 velis,
437 837 539 871 sicut
562 836 749 878 dclx-imus,
780 841 1022 882 usurpatum,
1054 836 1296 884 interruptam
1321 837 1538 874 sententiam
1562 839 1679 886 repeti
1704 839 1815 887 signi-

66 897 162 931 ficat.
213 896 325 931 Isocr.
360 896 493 942 Paneg.
520 908 551 931 ο.
573 899 630 932 25.
665 897 763 941 μετὰ
788 894 828 931 δὲ
859 899 986 931 ταῦτα
1019 898 1206 942 γενομένης
1238 899 1302 937 τῆς
1327 895 1486 947 ὕστερον
1520 899 1741 949 στρατείας,
1774 899 1817 941 ἣν

67 957 181 997 αὐτὸς
206 958 227 991 ὁ
252 954 382 1006 Ξέρξης
403 954 554 1000 ἤγαγεν,
585 955 738 990 ἐκλιπὼν
762 955 828 997 μὲν
857 954 908 988 τὰ
934 954 1128 1000 βασίλεια,
1167 956 1371 1004 στρατηγὸς
1408 954 1447 992 δὲ
1474 960 1708 999 καταστῆναι
1733 961 1817 995 τολ-

67 1018 189 1062 μήσας
209 1018 277 1050 etc.
301 1019 501 1061 postquam
531 1012 646 1060 longa
669 1012 880 1059 parenthesi
914 1024 1003 1060 opes
1039 1020 1150 1059 atque
1183 1013 1357 1060 superbia
1388 1021 1474 1049 sunt
1499 1016 1691 1050 Persarum
1720 1016 1818 1063 regis

68 1073 266 1120 exposita,
320 1071 373 1106 sic
412 1072 606 1119 pergitur:
654 1073 746 1123 πρὸς
785 1070 828 1113 δὴ
874 1073 942 1107 τὸν
988 1071 1082 1107 οὕτω
1119 1073 1213 1119 μέγα
1253 1075 1496 1123 φρονήσαντα
1522 1100 1530 1109 .
1551 1101 1559 1109 .
1580 1101 1588 1109 .
1638 1075 1818 1116 ἀπήντων.

71 1132 226 1169 Lucian.
253 1129 337 1167 dial.
361 1142 451 1167 mar.
469 1131 570 1167 XIV.
607 1134 627 1173 ἡ
651 1132 786 1173 Ἀἓηνᾶ
810 1132 878 1173 τὴν
902 1130 1045 1167 ἀσπίδα
1068 1131 1349 1180 προφαίνουσα·
1383 1133 1560 1176 (τοιαῦτα
1584 1135 1654 1183 γὰρ
1680 1133 1819 1176 ἤκουσα

73 1193 310 1239 διηγουμένου
329 1194 415 1232 etc.)
439 1194 458 1232 ἡ
482 1194 621 1231 Ἀθηνᾶ
647 1188 689 1231 δὴ
714 1190 774 1224 ἐπὶ
796 1193 858 1231 τῆς
884 1189 1040 1230 ἀσπίδος
1057 1195 1125 1223 etc.
1163 1188 1209 1224 cf.
1236 1190 1439 1225 Hemsterh.
1464 1189 1511 1224 ad
1535 1190 1570 1225 h.
1596 1190 1619 1226 l.
1652 1197 1688 1226 et
1711 1190 1821 1226 Valc-

74 1251 159 1287 ken.
192 1249 240 1285 ad
271 1249 407 1285 Herod.
425 1250 476 1292 V,
505 1250 585 1284 119.
636 1246 900 1295 Schaefer.b⁹ad
923 1246 1032 1282 Dion.
1059 1246 1140 1282 Hal.
1166 1248 1292 1295 Comp.
1317 1248 1428 1285 Verb.
1460 1261 1496 1295 p.
1521 1252 1600 1286 190.
1620 1261 1696 1296 seq.
1745 1250 1819 1285 Xe·

31 1298 33 1302 ’
75 1310 190 1357 noph.
225 1309 337 1344 Mem.
357 1308 391 1352 I,
418 1311 458 1351 3,
485 1311 518 1343 2.
550 1310 642 1356 ὁρῶν
667 1304 720 1348 δή.
776 1307 845 1341 Est
880 1306 944 1341 ubi
971 1306 1249 1352 interpositione
1287 1318 1362 1342 non
1393 1307 1574 1342 sententia
1606 1309 1672 1343 sed
1702 1309 1822 1344 oratio

76 1359 377 1415 interrumpetur.
429 1365 564 1401 Herod.
579 1365 606 1408 Ι,
636 1368 704 1401 190
724 1385 771 1391 -
794 1367 874 1402 191.
923 1368 1039 1413 Κῦρος
1065 1363 1105 1401 δὲ
1128 1366 1303 1414 ἀπορίῃσι
1323 1366 1485 1414 ἐνείχετο
1496 1372 1563 1401 etc.
1612 1367 1700 1403 Εἴτε
1717 1366 1759 1409 δὴ
1774 1366 1824 1404 ὧν

78 1427 192 1468 ἄλλος
224 1430 259 1463 οἱ
288 1428 489 1475 ἀπορέοντι
526 1427 759 1468 ὑπεθήκατο,
799 1423 872 1459 εἴτε
899 1424 960 1459 καὶ
991 1424 1104 1465 αὐτὸς
1132 1422 1250 1470 ἔμαθε
1284 1425 1329 1461 τὸ
1354 1427 1524 1467 ποιητέον
1554 1428 1590 1462 οἱ
1618 1425 1678 1470 ἣν,
1706 1427 1823 1462 ἐποίεε

77 1486 128 1530 δὴ
153 1485 308 1524 τοιόνδε.

226 1549 256 1585 §.
282 1547 339 1580 28.
388 1541 567 1588 Ejusdem
599 1547 753 1576 naturae
784 1547 840 1576 est
868 1542 935 1586 μὲν
963 1539 1004 1582 δή
1035 1539 1128 1575 illud
1154 1542 1538 1591 ἀνακεφαλαιωτικόν,
1573 1541 1681 1588 cujus
1711 1538 1825 1588 supra

80 1603 302 1650 mentionem
334 1601 499 1637 fecimus.
549 1600 684 1650 Herod.
704 1600 738 1643 Ι,
772 1602 829 1636 32.
871 1600 997 1634 Σόλων
1035 1603 1103 1644 μὲν
1144 1598 1186 1642 δὴ
1229 1599 1456 1645 εὐδαιμονίης
1500 1598 1686 1650 δευτερεῖα
1722 1600 1826 1645 ἔνεμε

80 1667 269 1700 τούτοισι·
299 1666 459 1710 Κροῖσος
484 1660 523 1696 δὲ
551 1660 752 1709 σπερχθεὶς
777 1657 863 1694 εἶπε.
913 1657 1084 1704 Xenoph.
1112 1659 1246 1705 Cyrop.
1263 1658 1306 1701 II,
1328 1662 1361 1701 2,
1393 1661 1426 1693 5.
1445 1664 1480 1692 et
1503 1663 1557 1693 11.

230 1726 260 1761 §.
286 1722 343 1757 29.
395 1717 670 1754 Consuetudine
708 1718 950 1758 Graecorum,
992 1728 1066 1763 qua
1100 1728 1324 1763 synonymus
1363 1715 1564 1763 particulas
1600 1717 1827 1763 conjungere

84 1779 226 1822 soient,
258 1785 292 1814 et
317 1777 360 1821 δή
391 1784 427 1813 et
450 1777 516 1820 ἤδη
544 1789 628 1812 cum
661 1776 724 1813 οὖν
748 1782 859 1823 atque
890 1775 1015 1811 τοίνυν
1046 1775 1219 1811 sociatur.
1268 1774 1403 1811 Herod.
1422 1775 1507 1819 Vll,
1536 1774 1614 1813 184.
1647 1787 1827 1811 summam

85 1840 226 1875 faciens
253 1838 443 1885 copiarum
467 1839 681 1880 Persarum,
717 1848 800 1871 eum
826 1834 896 1869 tria
919 1833 1033 1868 millia
1055 1834 1205 1870 navium
1235 1834 1349 1869 fuisse
1383 1834 1536 1870 dixisset
1562 1841 1597 1870 et
1622 1841 1828 1881 octogenos

86 1900 125 1935 in
152 1898 308 1946 singulis
332 1897 483 1939 milites,
515 1895 581 1938 ἤδη
609 1895 674 1939 ὧν,
710 1894 849 1942 inquit,
885 1892 1010 1942 ἄνδρες
1036 1893 1082 1929 ἄν
1113 1892 1184 1930 εἷεν
1208 1897 1246 1930 ἐν
1271 1896 1423 1930 αὐτοῖσι
1456 1896 1629 1943 τέσσερες
1652 1891 1827 1945 μυριάδες

85 1961 147 1997 καὶ
186 1959 313 1995 εἴκοσι.
361 1956 501 1991 Eadem
540 1955 682 1991 ratione
708 1955 761 1998 ΙΙ,
798 1952 878 1989 144.
927 1952 1099 1999 Xenoph.
1138 1952 1262 2000 Symp.
1288 1955 1329 1995 5,
1355 1955 1388 1988 5.
1437 1951 1565 1990 Οἶσθα
1608 1951 1691 1996 οὖν,
1742 1952 1826 2003 ἔφη,

86 2020 295 2071 ὀφθαλμῶν
336 2017 435 2057 τίνος
473 2014 576 2053 ἕνεκα
621 2014 804 2061 δεόμεὲας
859 2012 1040 2056 ,,Δῆλον,
1086 2011 1179 2058 ἔφη,
1220 2010 1281 2048 ὅτι
1319 2015 1387 2047 τοῦ
1429 2012 1565 2061 ὁρᾷν.“
1615 2010 1720 2047 Οὕτω
1762 2014 1829 2056 μὲν

86 2082 212 2114 τοίνυν
244 2074 309 2117 ἤδη
340 2077 376 2111 οἱ
409 2075 489 2120 ἐμοὶ
532 2074 728 2124 ὀφθαλμοὶ
759 2072 944 2112 καλλίονες
990 2070 1038 2108 ἄν
1068 2074 1141 2108 τῶν
1186 2075 1259 2108 σῶν
1296 2071 1430 2112 εἴησαν.
1489 2074 1603 2115 „1159
1633 2067 1675 2113 δή
1705 2072 1830 2114 etc.;“

86 2136 203 2171 Anah.
221 2135 290 2177 IV,
318 2138 357 2176 7,
384 2135 417 2168 6.
444 2132 510 2173 (4)
552 2135 596 2168 τὸ
623 2133 752 2168 λοιπὸν
792 2130 856 2183 οὖν
895 2128 960 2172 ἤδη
1000 2131 1159 2177 γίγνεται
1198 2132 1241 2169 ὡς
1286 2131 1519 2176 ἡμίπλεθρον.
1568 2127 1656 2162 Plat.
1693 2128 1828 2174 Cratyl.

36 2227 37 2230 ,
86 2207 122 2243 p.
143 2198 225 2232 398.
251 2194 295 2229 A.
336 2203 420 2226 cum
453 2190 624 2226 Socrates
659 2196 694 2224 et
727 2190 976 2237 Hermogenes
1011 2188 1049 2222 in
1084 2187 1302 2224 daemonum
1342 2192 1511 2222 naturam
1551 2186 1735 2234 inquirere
1777 2186 1830 2221 in-

87 2255 312 2296 stituissent,
362 2251 445 2286 ille:
508 2249 636 2287 Οἷσὲα
684 2248 773 2292 οὗν,
825 2250 928 2290 τίνας
977 2249 1091 2299 φησὶν
1141 2246 1310 2290 Ἡσίοδος
1356 2245 1450 2285 εἶναι
1498 2249 1584 2288 τοὺς
1630 2245 1830 2291 δαίμονας,-
