2103 2432
924 154 967 186 12

68 277 263 314 transitum
283 276 547 324 apraefatione
566 277 613 312 ad
625 288 702 312 rem
713 276 832 324 ipsam
849 276 997 320 indicat,
1023 277 1123 313 velut
1141 276 1178 311 in
1189 277 1285 311 Xen.
1306 277 1441 323 Cyrop.
1455 276 1532 312 init.
1570 277 1666 312 Cave
1685 284 1808 313 autem

70 335 277 371 confundas
312 347 396 370 cum
429 336 493 370 illo
525 339 592 381 μὲν
621 334 684 379 δή,
723 335 825 382 quod
854 336 891 370 in
925 335 1101 371 clausulis
1135 335 1344 370 orationum
1374 334 1422 369 ad
1451 334 1683 369 referendum
1715 342 1814 370 ante-

71 394 278 430 cedentium
325 400 580 441 argumentum
625 392 791 428 adhiberi
841 393 938 428 infra
974 398 1027 435 (ὃ.
1053 397 1120 435 29)
1163 394 1337 429 dicemus.
1411 393 1529 438 Quem
1573 392 1612 427 in
1659 404 1821 429 errorem

70 452 179 487 etiam
202 452 378 498 Apollon.
409 453 514 487 Alex.
549 450 615 491 (de
649 452 747 498 conj.
781 463 839 498 ap.
863 451 980 487 Bekk.
1014 452 1054 488 T.
1070 452 1113 487 11.
1147 455 1307 499 p.519.)
1346 451 1530 498 delapsus
1566 458 1641 494 est,
1676 451 1821 487 dicens:

69 509 127 546 ἔτι
157 513 177 546 ὁ
208 509 251 552 δή
286 515 330 553 ὡς
362 513 428 557 μὲν
459 512 649 559 παρέλκει,
687 511 801 547 παντὶ
839 508 1054 563 προῦπτον,
1090 513 1134 553 ὧς
1166 511 1205 548 δὲ
1237 512 1298 548 καὶ
1331 512 1509 551 πολλάκις
1559 511 1824 559 μετάβασιν

73 570 211 615 λόγου
237 576 418 614 ποιεῖται,
444 571 562 621 σαφὲς
587 572 626 605 ἑκ
650 571 837 606 τοιούτων·
888 573 934 607 Οἱ
957 572 1024 617 μὲν
1048 569 1090 613 δὴ
1115 571 1203 621 παρ’
1229 570 1392 619 ὄχεσφιν
1415 571 1618 618 ἐρητύοντο
1642 571 1822 616 μένοντες·

74 629 136 663 καὶ
161 631 234 664 τῶν
259 623 531 678 παρὰπληοῖων.
581 631 750 673 Νοοῦμεν
782 630 853 679 γὰρ
878 630 1013 674 λόγου
1049 626 1260 673 ἔκλειψιν
1298 628 1360 664 καὶ
1389 630 1535 677 ἀρχὴν
1560 629 1730 678 ἑτέρου
1752 633 1820 662 etc.

73 685 207 728 Immo,
240 686 306 720 ubi
329 689 396 732 μὲν
420 685 461 727 δή
486 687 852 735 ἀνακεφαλαιωτικόν
877 692 913 721 et
938 686 977 723 δὲ
1001 686 1042 729 δή
1067 686 1318 735 μεταβατικόν
1343 684 1391 719 ad
1415 696 1454 720 se
1476 685 1632 721 invicem
1656 684 1821 720 referun-

74 750 152 786 tur,
187 743 282 778 illud
307 746 416 790 λόγου
439 741 618 787 ἔκλειψιν,
653 743 725 777 hoc
760 747 881 792 ἀρχὴν
905 746 1034 793 ἑτέρου
1072 744 1302 789 significans,
1337 743 1391 778 ibi
1414 743 1452 777 id
1476 744 1534 786 fit,
1572 743 1674 790 quod
1697 743 1818 790 Apoll.

74 800 121 835 ad
146 801 264 836 solius
288 804 355 848 μὲν
380 800 420 842 δή
444 806 569 846 partes
595 800 749 847 delegat.
800 801 936 835 Herod.
955 801 981 834 I.
1008 801 1057 837 94
1081 821 1128 828 -
1153 804 1211 838 95.
1260 798 1378 838 Λυδοὶ
1405 804 1473 848 μὲν
1497 801 1539 844 δὴ
1564 804 1636 837 ὑπὸ
1656 804 1822 852 Πέρσῃσι

74 859 311 897 δεδούλωντο.
361 858 588 903 Ἐπιδίζηται
611 856 651 896 δὲ
677 859 718 902 δὴ
743 861 788 896 τὸ
814 863 981 897 ἐνθεῦτεν
1005 862 1091 905 ἡμῖν
1116 863 1136 897 ὁ
1162 862 1267 906 λόγος
1294 860 1362 896 τόν
1385 873 1427 896 τε
1450 863 1571 910 Κῦρον
1596 887 1605 895 .
1620 888 1628 896 .
1655 861 1717 897 καὶ
1732 863 1818 902 τοὺς

73 920 235 969 Πέρσας.
284 917 373 952 Plat.
399 917 550 952 Phaedr.
575 929 612 964 p.
630 921 715 954 238.
738 918 784 952 D.

257 985 333 1016 Not.
374 985 431 1016 Est
450 986 507 1016 ubi
518 986 553 1018 δὲ
575 987 612 1023 δή
633 996 696 1016 rem
712 997 780 1016 cum
797 985 988 1017 antecedenti
1003 986 1205 1018 consensione
1226 997 1329 1017 carere
1350 992 1470 1027 arguat.
1513 986 1587 1027 Lys.
1608 986 1642 1017 in
1656 986 1819 1018 Eratosth-

195 1037 286 1072 §.36-
328 1037 455 1069 Οὔκουν
478 1038 603 1075 δεινόν,
637 1040 665 1068 εἰ
685 1039 763 1075 τοὺς
786 1038 843 1078 μὲν
857 1040 1081 1079 στρατηγοὺς,
1111 1042 1143 1070 οἳ
1163 1040 1274 1071 ἐνίκων
1301 1043 1571 1079 ναυμαχοῦντες,
1600 1039 1655 1069 ὅτι
1677 1039 1735 1070 διὰ
1755 1051 1821 1080 χει-

200 1093 292 1127 μῶνα
311 1090 371 1129 οὐχ
392 1089 457 1119 οἶοί
478 1090 508 1120 τ’
520 1089 653 1128 ἔφασαν
674 1090 761 1120 εἶναι
782 1090 859 1126 τοὺς
881 1092 915 1121 ἐκ
935 1093 991 1126 τῆς
1012 1090 1186 1129 θαλάττης
1205 1092 1398 1129 ἀνελέσθαι,
1420 1090 1559 1132 θανάτῳ
1572 1090 1820 1133 ἐζημιώσατε..,

200 1141 340 1177 τούτους
363 1141 397 1171 δὲ
420 1142 456 1177 δή
465 1146 544 1179 etc-3
578 1140 657 1171 Plat.
679 1141 814 1172 Phaedo.
835 1152 865 1182 p.
879 1141 927 1175 64.
950 1142 988 1171 A.

221 1208 252 1244 §.
280 1207 336 1241 23.
385 1209 422 1246 c]
440 1204 532 1241 ’Ότε
557 1204 598 1247 δή
625 1211 661 1239 et
678 1204 795 1247 ἐπειδή
814 1205 874 1239 als
891 1217 982 1248 ηιιη,
1007 1204 1199 1241 nac-Iidem
1224 1217 1315 1249 nun,
1335 1212 1601 1253 posteaquam.
1628 1204 1715 1248 Ita,
1734 1204 1819 1241 493.

76 1268 127 1307 φ’,
156 1261 234 1298 148.
274 1276 310 1306 ε,
336 1267 418 1299 773.
446 1267 529 1299 780.
570 1278 614 1306 ω,
639 1266 721 1299 785.
771 1261 906 1296 Herod.
927 1262 959 1305 I,
990 1263 1069 1298 114.
1121 1265 1182 1299 καὶ
1213 1263 1277 1300 ὅτε
1310 1262 1353 1305 δὴ
1389 1263 1431 1306 ἦν
1472 1263 1641 1304 δεκαετὴς
1671 1265 1691 1298 ὁ
1720 1266 1818 1303 παῖς.

73 1319 164 1365 Lys.
197 1332 303 1368 purg.
340 1321 462 1356 sacril.
499 1325 531 1363 §.
552 1326 608 1357 11.
658 1319 777 1363 ἐπειδὴ
807 1322 932 1358 τοίνυν
965 1325 985 1358 ὁ
1018 1323 1153 1373 χρόνος
1184 1320 1291 1364 οὗτος
1325 1321 1445 1365 ἐξήκει.
1495 1320 1668 1367 Xenoph.
1700 1314 1818 1355 Anah.

74 1377 137 1420 111,
164 1378 198 1420 4,
225 1381 283 1414 36.

217 1436 258 1478 d)
283 1438 591 1474 Demonstrativis
618 1445 654 1474 et
678 1437 838 1474 relativis
863 1438 1077 1486 adjungitur
1097 1437 1151 1481 δή.
1202 1438 1291 1474 Plat.
1317 1437 1448 1474 Phaed.
1471 1450 1508 1485 p.
1528 1440 1585 1474 58.
1611 1438 1658 1472 D.
1692 1440 1819 1473 ταῦτα

74 1495 119 1537 δὴ
143 1497 269 1532 πάντα
293 1500 558 1546 προθυμήὲητι
588 1501 632 1540 ὡς
657 1500 888 1549 σαφέστατα
918 1501 1003 1543 ἡμῖν
1028 1500 1257 1543 ἀπαγγεῖλαι.
1309 1498 1472 1544 Theogn.
1495 1500 1598 1532 1125.
1647 1496 1819 1532 πέπονθά

74 1567 137 1588 τοι
158 1552 226 1589 οἶά
248 1555 284 1590 τ’
308 1554 528 1599 Ὀδυσσεύς,
555 1554 620 1597 ’Ός
644 1558 677 1591 τ’
699 1553 823 1591 Ἀΐδεω
855 1558 950 1602 μέγα
985 1556 1069 1602 δῶμ’
1093 1556 1225 1598 ἤλυθεν
1256 1554 1452 1599 ἐξαναδύς,
1478 1555 1543 1596 *ος
1574 1553 1617 1596 δὴ
1649 1554 1711 1590 καὶ
1733 1566 1819 1599 μνη-

76 1615 217 1662 στῆρας
243 1613 407 1649 ἀνείλετο
432 1614 521 1660 (qui
543 1626 657 1661 porro
689 1614 833 1656 etiam).
885 1615 968 1660 Quo
998 1613 1204 1661 expeditius
1237 1613 1440 1661 particulae
1473 1613 1634 1648 relativis
1668 1613 1817 1659 junctae

73 1669 147 1704 vim
172 1670 395 1717 perspicias,
430 1672 482 1707 sic
507 1672 662 1708 habeto:
698 1673 986 1716 enuntiationes,
1026 1683 1120 1719 quae
1152 1684 1220 1720 per
1253 1673 1406 1708 relativa
1440 1672 1624 1707 vocabula
1644 1668 1818 1709 'orationi

74 1728 304 1772 intexantur,
342 1737 404 1765 aut
429 1732 538 1767 certis
563 1732 774 1767 nominibus
800 1732 1008 1767 accuratius
1034 1731 1251 1767 denotandis
1277 1731 1602 1778 describendisque
1626 1729 1814 1772 inservire,

72 1794 111 1822 et
134 1787 412 1834 participiorum
441 1790 540 1826 vices
574 1790 755 1826 sustinere
768 1796 787 1834 ,¹
813 1797 876 1825 aut
900 1789 1104 1837 peculiares
1131 1790 1329 1825 sententias
1361 1789 1535 1824 exhibere
1567 1801 1610 1824 ac
1641 1795 1819 1835 tanquam

73 1845 314 1892 parentheses
338 1846 533 1894 interponi.
583 1849 655 1884 Ubi
685 1849 776 1885 haec
806 1850 901 1885 ratio
934 1849 1074 1892 valeat,
1107 1848 1279 1884 voculam
1311 1848 1352 1891 δή
1376 1848 1478 1892 addi,
1508 1848 1575 1883 ubi
1597 1847 1682 1891 illa,
1718 1844 1819 1880 nuda

73 1903 229 1940 relativa
251 1906 434 1953 usurpari.
482 1908 606 1943 Strab.
623 1909 690 1943 XI.
715 1921 751 1956 p.
770 1908 854 1946 499.
898 1910 944 1944 τὸ
971 1907 1010 1944 δὲ
1034 1912 1107 1944 τῶν
1129 1909 1312 1955 Ἀλβανῶν
1334 1906 1441 1948 ἔθνος
1477 1908 1540 1943 καὶ
1563 1908 1609 1942 τὸ
1634 1910 1707 1942 τῶν
1730 1906 1817 1952 Ἰβή-

74 1977 164 2012 ρων,
201 1963 226 1999 ἂ
260 1963 302 2006 δὴ
327 1968 464 2014 πληροῖ
493 1969 666 2012 μάλιστα
696 1970 765 2004 τὸν
797 1968 985 2015 λεχθέντα
1011 1963 1175 2011 Ἰσθμόν,
1234 1964 1320 2001 Νοη
1350 1964 1484 2012 adjecit
1527 1964 1687 2011 scriptor
1726 1963 1818 1998 haec

71 2021 203 2065 verba,
248 2028 291 2057 ut
324 2034 505 2069 quosnam
538 2025 702 2061 Albanos
734 2032 770 2060 et
801 2025 928 2060 Iberos
961 2024 1097 2059 diceret
1120 2023 1272 2070 planum
1304 2025 1425 2066 fieret,
1462 2022 1529 2058 sed
1557 2029 1600 2058 ut
1634 2021 1741 2070 quasi
1777 2021 1815 2056 in

71 2082 231 2116 transitu
254 2081 421 2124 doceret,
445 2094 471 2117 a
488 2083 710 2129 quibusnam
727 2083 886 2118 Isthmus
913 2083 1082 2129 gentihus
1108 2081 1348 2117 habitaretur.
1381 2083 1471 2118 Plat.
1490 2081 1621 2117 Phaed.
1648 2093 1684 2127 p.
1695 2083 1753 2116 62.
1767 2080 1809 2115 Β.

71 2138 118 2175 οὗ
142 2140 197 2176 δεῖ
222 2140 276 2183 δή.
304 2140 395 2175 lbid.
423 2143 481 2178 69.
506 2142 552 2175 D..
576 2146 635 2178 72.
662 2144 703 2176 A.
749 2142 935 2184 ,He1·od.1‚
963 2145 1010 2177 22
1036 2144 1086 2177 τὰ
1112 2140 1153 2183 δὴ
1180 2143 1240 2177 καὶ
1263 2144 1425 2187 ἐγένετο,
1460 2152 1543 2175 was
1567 2140 1687 2174 denn
1713 2138 1815 2175 auch

65 2199 255 2244 gese-hah.
304 2199 460 2236 Videtur
482 2199 555 2235 hoc
580 2201 679 2236 denn
703 2211 773 2248 pro
798 2201 902 2236 dann
927 2200 1007 2236 dici.
1057 2200 1098 2235 11.
1119 2215 1159 2243 η,
1185 2203 1267 2237 281.
1317 2199 1489 2247 Xenoph.
1516 2198 1627 2233 Mem.
1652 2197 1679 2241 Ι,
1700 2201 1739 2240 2,μ
1755 2199 1812 2232 31.

66 2255 109 2299 ΙΙ,
140 2262 171 2300 1,
194 2261 256 2293 121.
