2103 2432
604 431 944 468 Commentatio
986 429 1039 464 de
1072 426 1338 474 particulis
1379 428 1426 469 δή
1470 433 1514 462 et
1553 427 1698 470 ἤδη»)

425 590 456 627 §.
486 591 516 621 1.
565 561 643 623 De
683 583 885 631 particulae
926 581 969 626 δή
1011 587 1144 616 natura
1189 581 1242 616 ita
1282 580 1502 615 dissentiunt
1547 579 1616 615 viri
1657 579 1756 615 docti
1796 586 1839 616 ut
1880 580 1943 615 alii
1986 587 2023 616 et

281 643 460 691 originem
483 644 563 691 ejus
589 652 624 681 et
649 642 932 690 significationes
958 652 1085 677 omnes
1117 639 1165 675 ad
1196 638 1419 676 vocabulum
1442 636 1507 681 ἤδη
1531 637 1743 675 referendas
1768 647 1916 686 putent,
1958 638 2021 675 alii

279 703 347 739 has
372 703 481 738 voces
508 703 657 738 omnino
682 708 817 750 negent
839 701 935 736 inter
960 711 999 736 se
1024 699 1246 745 contingere.
1307 699 1390 733 Jam
1424 696 1524 745 quod
1558 697 1607 732 ad
1628 695 1778 732 illorum
1803 698 2022 734 sententiam
2081 704 2084 719 ⁴>

279 759 424 802 attinet,
464 771 532 796 nos
565 772 742 809 negamus
766 759 938 796 voculam
961 759 1003 802 δή
1026 769 1093 805 per
1118 756 1335 804 aphaeresin
1360 767 1408 790 ex
1431 754 1497 798 ἤδη
1522 761 1660 798 ortam,
1700 762 1735 790 et
1760 767 1809 790 ex
1834 757 2020 793 contrario

278 816 342 861 ἤδη
367 829 416 853 ex
439 818 481 861 δή
505 830 573 866 per
604 818 795 867 prothesin
819 818 958 853 factum
988 827 1069 852 esse
1095 815 1360 851 contendimus.
1419 815 1646 860 Argumento
1681 814 1778 849 enim
1809 822 1886 858 est,
1920 816 2023 863 quod

280 887 521 924 quaecunque
546 877 600 912 ab
625 877 689 920 ἤδη
718 876 896 924 originem
916 875 1049 910 ducere
1073 880 1251 921 putantur
1273 871 1473 915 vocabula,
1497 871 1598 906 velut
1622 872 1697 916 δήν,
1722 871 1881 917 δηναιός,
1906 874 2022 924 δηρός,

279 945 324 970 ea
346 934 452 970 litera
475 942 618 979 carent,
655 946 775 982 neque
799 933 933 970 desunt
956 932 1144 979 exempla,
1180 942 1275 979 quae
1298 930 1401 966 illam
1432 930 1587 978 praefigi
1615 930 1734 966 solere
1759 930 1937 975 doceant,
1980 940 2023 969 ut

280 996 405 1043 ἠβαιός
430 1005 478 1029 ex
515 995 641 1044 βαιός,
684 997 806 1036 ἠθεῖος
832 1005 880 1028 ex
903 996 1002 1033 θεῖος
1016 989 1098 1035 W),
1136 991 1271 1039 ἠπᾳνία
1303 1000 1351 1024 ex
1377 991 1519 1026 σπανία
1551 989 1660 1025 facta.
1717 989 1848 1037 Neque
1879 990 2019 1036 dubito,

281 1052 369 1100 quin
402 1053 510 1088 etiam
540 1053 713 1098 ἠλίβατος
746 1063 794 1086 ex
827 1051 975 1087 nomine
1005 1052 1075 1095 λίψ
1100 1053 1244 1096 (rupes)
1269 1048 1507 1084 derivandum
1538 1049 1595 1084 sit.
1648 1048 1686 1083 Si
1711 1054 1821 1096 quem
1846 1057 2020 1088 accentus

278 1111 448 1158 migratio
485 1110 523 1145 in
559 1109 742 1146 vocabulo
781 1109 845 1153 ἤδη
879 1109 1059 1152 offendat,
1103 1108 1220 1152 scito,
1257 1119 1333 1143 non
1373 1107 1494 1143 solum
1533 1119 1556 1143 a
1591 1115 1750 1156 cognata
1785 1108 1920 1144 vocula
1950 1113 2021 1154 Ξήν

280 1169 418 1204 auferri
440 1169 562 1212 illum,
589 1168 655 1204 sed
679 1168 788 1203 etiam
811 1174 876 1206 νῦν
900 1167 961 1212 δή,
987 1168 1153 1203 tradente
1178 1167 1341 1202 Lobeck.
1367 1168 1415 1202 ad
1438 1167 1570 1214 Phryn.
1595 1167 1674 1201 Ecl.
1698 1179 1735 1214 p.
1749 1171 1818 1211 19.‚
1845 1168 1916 1203 sub
1940 1179 2016 1204 uno

280 1234 436 1263 accentu
469 1239 492 1262 a
526 1227 710 1263 veteribus
745 1227 991 1275 grammaticis
1030 1226 1141 1262 scribi
1176 1226 1336 1261 solitum.
1399 1225 1511 1271 Quod
1541 1226 1572 1261 si
1596 1237 1723 1261 verum
1747 1227 1817 1270 sit,
1862 1227 2021 1275 simplex

279 1285 502 1323 vocabulum
537 1285 578 1328 δή
612 1285 787 1322 auctioris
820 1284 885 1329 ἤδη
917 1286 1068 1333 stirpem
1102 1295 1203 1328 esse,
1237 1296 1312 1320 non
1343 1283 1479 1332 poterit
1502 1295 1584 1320 esse
1606 1283 1778 1328 dubium,
1820 1292 1946 1321 utrum
1971 1286 2019 1322 ab

278 1352 363 1381 utro
394 1350 594 1392 potestates
624 1350 746 1391 petat:
785 1350 821 1379 et
852 1351 995 1391 partem
1027 1350 1170 1379 tantum
1206 1343 1366 1390 aliquam
1399 1342 1707 1390 significationum
1744 1355 1895 1387 suarum
1928 1345 2021 1380 illud

280 1416 365 1447 cum
397 1403 469 1438 hoc
502 1403 793 1446 communicare,
838 1402 1146 1450 quemadmodum
1181 1401 1289 1437 aliam
1323 1413 1407 1437 cum
1440 1400 1557 1445 δῆτα,
1600 1401 1709 1437 aliam
1744 1402 1903 1450 denique
1936 1415 2022 1439 cum

281 1462 410 1507 δῆθεν,
435 1461 628 1508 probabile
653 1460 731 1496 erit.

425 1524 456 1561 §.
483 1523 516 1555 2.
566 1519 693 1554 Altera
716 1518 915 1561 sententia,
950 1519 992 1562 δή
1017 1518 1066 1553 ad
1088 1517 1152 1562 ἤδη
1177 1518 1359 1565 pertinere
1383 1518 1616 1566 negantium,
1654 1518 1761 1553 facile
1785 1519 2019 1565 refutabitur,

281 1579 335 1622 si,
380 1577 556 1625 expositis
582 1577 694 1623 hujus
724 1576 898 1613 vocabuli
928 1576 1161 1620 notionibus,
1203 1577 1422 1623 collatisque
1447 1577 1568 1620 illius,
1600 1576 1752 1611 eandem
1776 1578 1924 1625 utrique
1948 1580 2021 1615 vim

280 1637 401 1672 inesse
436 1635 664 1683 apparuerit:
701 1635 803 1682 quod
826 1635 949 1681 ipsum
983 1635 1022 1669 in
1050 1634 1119 1669 hac
1158 1635 1426 1681 scriptiuncula
1449 1636 1570 1670 facere
1598 1635 1706 1670 nobis
1742 1638 2018 1683 proposuimus.

285 1796 288 1799 ,
341 1775 374 1809 ‘J
397 1771 550 1813 Equidem
570 1780 662 1801 aueue
683 1780 747 1800 non
767 1780 881 1808 essem,
907 1770 982 1800 haec
1002 1777 1031 1801 et
1051 1770 1130 1802 levia
1153 1777 1183 1801 et
1204 1781 1310 1801 nance
1330 1770 1494 1802 doctorum
1514 1771 1671 1802 hominum
1691 1771 1809 1812 judicio
1830 1774 2023 1813 submittere,

401 1823 464 1855 nisi
484 1823 618 1865 aliquam
647 1822 751 1853 veniae
776 1821 982 1863 impetrandae
1006 1832 1090 1864 spem
1118 1822 1346 1863 concepissem,
1381 1823 1468 1865 quod
1488 1822 1650 1855 maluerim
1678 1823 1876 1855 tumultuarie
1902 1826 2022 1865 affem.

403 1885 493 1917 quam
509 1884 639 1916 prorsus
653 1873 805 1916 denegare
824 1883 946 1914 opernm
962 1884 1070 1911 meam,
1089 1885 1125 1904 ac
1141 1873 1287 1915 defugere
1309 1885 1419 1905 munus
1436 1874 1545 1905 videri.
1586 1873 1659 1904 Non
1672 1874 1752 1904 enim
1769 1886 1868 1906 meum
1883 1876 1942 1907 fuit
1961 1878 2023 1909 hoc

404 1937 505 1963 enno,
527 1924 724 1955 commentari
749 1924 869 1966 aliquid
887 1925 925 1955 ad
946 1925 1108 1956 indicenda
1129 1926 1264 1955 examina
1284 1926 1423 1966 publiea:
1445 1926 1499 1957 sed
1520 1937 1589 1956 cum
1610 1925 1732 1970 collega
1752 1927 2022 1967 conjunctissimus

405 1976 579 2008 Carolus
599 1974 857 2014 Scheehrue,
879 1976 959 2006 tristi
974 1976 1097 2017 pietatis
1115 1977 1215 2008 officio
1231 1988 1330 2018 nuper
1344 1984 1497 2014 avocatus,
1512 1976 1710 2018 justissimam
1728 1978 1889 2009 omittendi
1902 1980 2022 2021 negotii

404 2027 529 2058 haberet
550 2027 792 2065 excusationem,
813 2037 895 2058 anno
917 2027 1084 2067 maturius,
1108 2040 1200 2069 quam
1221 2035 1251 2060 et
1271 2035 1475 2070 exspectarem
1494 2034 1525 2059 et
1545 2027 1719 2066 volueram,
1739 2029 1779 2059 ad
1800 2040 1848 2060 me
1870 2030 2023 2062 scribendi
2058 2021 2065 2028 ⁹

402 2078 565 2109 necessitas
585 2078 735 2119 pervenit.

282 2143 286 2145 i
325 2155 375 2191 ”J
402 2154 504 2195 Etym.
520 2153 605 2185 ΜΛ.
618 2154 649 2184 h.
664 2164 692 2184 v.
713 2153 888 2191 πλεονάζει
909 2154 972 2195 γὰρ
993 2155 1033 2186 τὸ
1056 2159 1074 2192 ἢ
1095 2157 1127 2188 ἐν
1149 2157 1290 2193 πολλαῖς
1312 2155 1454 2193 λέξεσιν,
1476 2157 1516 2192 ὡς
1537 2155 1577 2186 τὸ
1600 2156 1674 2196 μύει
1690 2172 1730 2178 -—
1745 2157 1854 2195 ἠμύει,
1877 2158 2023 2196 βαιός-
2086 2191 2087 2194 ¹

403 2208 535 2247 ἠβαιός,
558 2207 683 2247 εὐγενής
704 2223 742 2229 -
765 2207 917 2247 εὐηγενής.
2085 2205 2087 2207 ’
