2103 2432
1140 78 1161 110 5

275 206 384 246 δῆθεν
403 199 518 249 ‘tdqsle
540 202 647 242 Zeus·
671 200 861 249 Izinfort
885 201 1061 236 obcoalte.
1113 199 1272 247 βψς-,Μ
1297 211 1393 247 quae
1417 201 1531 236 verba
1554 202 1673 237 ironia
1695 203 1863 248 quidem,
1900 214 2014 249 quam
2063 218 2067 230 ›

273 260 523 296 Blomfieldius
548 259 766 306 affigendam
791 259 951 305 putavit,
987 258 1106 294 aliena
1132 264 1229 293 sunt.
1282 259 1384 304 Quae
1410 270 1494 293 cum
1517 259 1570 293 ita
1594 260 1686 302 sint,
1713 260 1883 306 equidem
1906 259 2017 294 etiam
2064 254 2069 273 ³

275 319 390 361 δεῖνα,
415 316 520 368 δεῦρο
545 324 581 352 et
601 319 752 354 ΔΕΙΚΩ
777 317 824 352 ad
847 317 942 351 hanc
967 317 1117 363 stirpem
1134 316 1328 351 referenda
1349 328 1494 352 censeo.
1544 317 1715 363 Denique
1741 317 1872 364 siquis
1899 316 1941 359 δή
1965 329 2015 352 ex
2064 332 2067 338 τ

275 381 323 427 τῇ
346 382 524 412 mutatum
549 376 663 419 dicet,
694 375 752 411 vel
777 387 861 410 cum
884 379 990 417 τῆνος
1022 386 1064 409 ae
1095 379 1208 420 τῆμος
1234 374 1418 418 conferet,
1457 386 1527 422 ego
1553 387 1630 410 non
1655 375 1891 410 adversabor.
1944 376 2015 411 Ne-
2064 369 2068 383 ’

276 447 347 482 que
379 435 475 470 enim
507 434 685 481 difficilius
719 433 838 469 tenuis
873 433 979 469 litera
1013 446 1097 469 cum
1129 433 1250 468 media
1283 434 1485 480 permutari
1517 434 1662 482 potuit,
1701 445 1815 480 quam
1845 434 1943 470 hane
1975 434 2014 470 in

275 493 474 540 aspiratam
496 493 630 529 vocula
652 496 722 535 θήν
745 503 961 527 conversam
985 503 1066 526 esse
1091 497 1259 526 testatur.

421 556 451 591 §.
477 551 509 586 4.
560 551 654 586 Huic
678 550 791 597 igitur
814 549 1099 597 demonstrativo
1124 548 1320 592 vocabulo,
1345 548 1412 584 ubi
1436 556 1580 596 tempus
1600 549 1806 592 denotaret,
1832 545 2013 592 literam}

274 609 498 656 praefigendi
531 608 733 643 obtinuisse
769 607 997 642 consuetudo
1028 606 1183 641 videtur.
1239 606 1372 641 Differt
1406 607 1503 641 enim
1536 608 1583 641 ab
1616 607 1683 649 ἤδη
1718 607 1822 642 nulla
1854 608 1927 642 alia
1961 619 2013 651 re,

276 678 386 714 quam
410 666 572 713 pondere
597 672 633 701 et
656 666 762 700 loeo:
799 665 935 712 quippe
960 675 1044 698 eum
1067 674 1276 709 nunquam,
1313 664 1345 699 si
1370 663 1605 699 Homericum
1629 665 1724 700 illud
1747 665 1790 708 δὴ
1815 667 1886 714 γάρ
1910 672 1947 701 et
1972 665 2014 707 δὴ
2063 679 2069 713 ,'

272 727 361 761 τότε
395 723 577 769 excipias,
614 723 652 757 in
688 723 770 769 ipso
803 722 1093 757 enuntiationum
1117 721 1221 755 initio
1246 729 1417 767 ponatur.
1481 722 1555 756 Sed
1578 723 1761 769 principio
1788 723 1911 759 statim
1934 735 2013 759 mo-

272 782 384 818 nendi
407 787 492 817 sunt
516 781 694 824 lectores,
735 780 826 815 haee
851 791 927 814 non
950 779 1071 814 minus
1104 780 1214 825 'quam
1244 778 1317 813 alia
1340 779 1524 814 vocabula
1547 781 1766 827 temporalia
1789 793 1813 816 a
1836 782 2012 828 temporis
2063 780 2065 820 Ῐ

272 840 422 875 notione
447 840 494 875 ad
527 839 789 875 sententiarum
821 838 1019 873 relationes
1051 837 1296 883 designandas
1322 838 1489 873 transire.
1551 839 1656 874 Unde
1681 840 1855 883 efficitur,
1894 840 2011 887 dupli·

274 896 353 933 c'em
377 910 457 934 esse
479 898 672 945 utriusque
696 896 851 932 voculae
874 888 1007 939 usum,
1032 895 1273 942 temporalem
1297 895 1470 939 alterum,
1495 896 1653 933 alterum
1676 897 1967 944 conjunctivum.

682 1025 755 1060 De
803 1023 1062 1070 temporali
1102 1014 1456 1070 particularum
1504 1035 1597 1060 usu.

417 1137 448 1174 §-
475 1135 508 1169 5.
557 1131 599 1167 In
623 1129 817 1178 temporali
846 1129 959 1177 igitur
986 1141 1060 1166 usu
1091 1129 1132 1173 δή
1157 1137 1193 1165 et
1217 1130 1299 1174 ἤδη,
1333 1137 1462 1178 utpote
1495 1129 1782 1168 demonstrativa
1812 1131 2006 1177 vocabula,

273 1192 461 1227 declarant
477 1191 614 1225 adesse
630 1189 769 1235 aliquid
792 1189 851 1224 vel
866 1196 1027 1234 praesto
1052 1200 1147 1231 esse,
1174 1195 1209 1223 et
1233 1189 1357 1224 valent
1380 1190 1457 1224 hoc
1476 1191 1661 1235 temporis
1673 1198 1881 1234 momento,
1908 1192 2010 1238 quod
2058 1180 2062 1208 ³

270 1250 387 1286 levius
407 1247 633 1293 diciturjam
659 1251 782 1289 (nun).
813 1246 1004 1281 Demosth.
1021 1246 1110 1282 Phil.
1119 1247 1179 1291 IV,
1206 1259 1291 1294 pag.
1308 1251 1387 1284 138.
1413 1254 1458 1286 οὐ
1470 1249 1583 1294 μόνον
1601 1246 1666 1290 ἤδη
1690 1250 1885 1298 πάρεστιν,
1911 1252 2011 1287 ἀλλὰ

272 1311 334 1345 καὶ
347 1310 464 1344 πάλαι
487 1308 729 1354 παρέληλυθε.
780 1304 919 1352 Theog.
945 1309 1027 1353 852.
1054 1304 1143 1347 Τδεα
1167 1308 1233 1352 μὲν
1257 1308 1319 1342 καὶ
1342 1308 1527 1356 πρόσθεν,
1554 1308 1653 1355 ἀτὰρ
1677 1311 1773 1345 πολὺ
1797 1310 1910 1346 λώϊον
1933 1308 2009 1365 ἤδη.
2054 1348 2061 1359 ⁴

272 1366 362 1402 Oed.
398 1364 475 1399 Col.
501 1365 583 1399 620.
621 1367 700 1406 τοῖς
731 1366 798 1408 μὲν
827 1365 899 1413 γὰρ
934 1363 1020 1407 ἤδη,
1063 1368 1142 1405 τοῖς
1173 1363 1203 1399 δ’
1231 1367 1271 1401 ἐν
1302 1366 1445 1413 ὑστέρῳ
1479 1366 1601 1413 χρόνῳ
1633 1367 1693 1401 Τὰ
1724 1369 1864 1416 τερπνὰ
1895 1370 2010 1416 παρὰ
2053 1363 2061 1405 ζ’

270 1426 440 1472 γίγνεται.
488 1421 577 1457 Plat.
603 1420 735 1456 Phaed.
769 1433 806 1468 p.
821 1423 879 1458 60.
905 1422 945 1456 C.
978 1420 1096 1463 ἐπειδὴ
1127 1424 1199 1457 ὑπὸ
1230 1426 1298 1458 τοῦ
1330 1421 1516 1470 δεσμοῦ
1497 1438 1540 1466 ην
1570 1426 1609 1460 ἐν
1638 1427 1693 1471 τῷ
1725 1428 1847 1462 σκέλει
1879 1429 2009 1477 πρότε-
2052 1417 2058 1430 ²

270 1499 334 1535 ρον
357 1484 401 1519 τὸ
426 1480 611 1526 ἀλγεινόν,
648 1479 743 1522 ἥκειν
767 1479 808 1522 δὴ
833 1480 1011 1529 φαίνει-αι
1034 1481 1308 1517 ἐπακολουθοῦν
1331 1482 1378 1518 τὸ
1407 1480 1484 1523 ἡδύ.
1536 1481 1649 1529 Soph.
1674 1482 1763 1518 Phil.
1783 1484 1866 1520 241.
1890 1484 2008 1522 nicea

273 1541 315 1583 δὴ
340 1543 384 1578 τὸ
408 1544 493 1576 πᾶν.
542 1538 583 1572 11.
610 1538 649 1582 ξ,
676 1537 734 1572 44·
2053 1579 2058 1594 ‚

414 1603 445 1639 §.
471 1599 505 1633 6.
554 1597 610 1630 Eo
637 1607 749 1630 sensu
774 1607 858 1631 eum
882 1596 930 1631 ad
952 1596 1156 1643 perfectum
1181 1596 1329 1643 quidem
1360 1604 1505 1645 tempus
1540 1598 1768 1643 referuntur,
1806 1603 2008 1637 commode
2052 1609 2056 1614 '

269 1669 336 1694 ⁸2¹²
358 1657 488 1699 ⁷⁷10d02
528 1666 611 1690 cum
643 1653 691 1688 &d
721 1653 886 1690 futurum
909 1665 1016 1698 vero,
1054 1656 1186 1691 statim
1210 1655 1302 1691 verti
1332 1654 1549 1703 possunt*).
1597 1657 1637 1692 11.
1656 1672 1693 1702 τ,
1723 1662 1802 1695 122.
1828 1658 1892 1701 ἤδη
1917 1663 2008 1709 ἀνὴρ
2052 1691 2055 1696 ,

327 1825 359 1863 *j
384 1823 511 1856 Suidasz
532 1822 606 1860 ἤδη·
621 1821 697 1863 πρὸ
719 1822 876 1856 τόυτου
897 1827 953 1853 etc.
985 1823 1077 1865 μέρος
1111 1823 1146 1855 δὲ
1166 1823 1284 1865 χρόνον
1312 1824 1331 1862 ἢ
1350 1827 1415 1856 τοῦ
1435 1823 1682 1865 μέλλοντος,
1710 1825 1729 1862 ἢ
1750 1829 1812 1857 τοῦ
1832 1829 2006 1868 zaptan-

387 1877 596 1913 λυΒότος;
615 1875 672 1912 nan
698 1886 736 1905 τε
765 1875 828 1916 γὰρ
855 1876 1050 1916 βαδιεῖσὲαί
1075 1883 1204 1918 φαμεν,
1238 1876 1316 1911 (καὶ
1342 1877 1383 1907 τὸ
1411 1876 1583 1909 συνάπτον
1611 1890 1658 1916 τῳ
1683 1881 1759 1914 νῦν)
1780 1878 1837 1916 νδη
1856 1891 1895 1910 τε
1916 1880 2008 1920 (γὰρ)
2049 1907 2052 1914 ,

386 1927 610 1967 βεβαᾶικέναι,
638 1927 677 1957 οὗ
703 1928 789 1957 πολυ
817 1928 1026 1966 ἀφιστάντες
1052 1934 1115 1959 τοῦ
1139 1932 1199 1959 νῦν
1227 1928 1287 1959 τὸν
1307 1928 1433 1968 χρόνον.
1476 1927 1582 1957 Verba
1610 1929 1667 1958 και
1694 1930 1734 1959 τὸ
1761 1931 1940 1962 συνάπτον
1961 1944 2008 1972 τῳ
2049 1959 2052 1966 ,

385 1982 444 2011 νῦν
464 1984 535 2018 post
546 1979 813 2019 παρελνλυὲότος
831 1978 1021 2015 collocanda,
1037 1984 1067 2008 et
1083 1980 1137 2008 καὶ
1154 1983 1215 2009 τοῦ
1230 1982 1405 2011 συναπτοῦ
1424 1982 1471 2020 τῷ
1484 1983 1542 2011 νῦν
1560 1978 1720 2009 scribenda
1733 1990 1801 2011 esse
1819 1988 1955 2022 apparet.
1965 2000 2005 2006 --
2048 1967 2051 1975 ¹

384 2030 469 2060 Haec
497 2029 520 2060 J
529 2039 581 2060 os.
603 2030 803 2071 Hoppius,
832 2029 882 2061 vir
913 2030 1153 2066 eruditissimus,
1185 2041 1220 2065 ex
1248 2029 1376 2060 Aristot.
1405 2031 1476 2071 ἀκρ.
1504 2038 1583 2071 φυσ.
1606 2030 1662 2068 lv,
1688 2032 1733 2063 13.
1754 2042 1884 2074 pag-90.
1917 2032 2004 2073 sylb.

386 2080 493 2110 hausta
520 2091 602 2118 esse,
635 2091 682 2111 me
711 2080 850 2118 edocuit,
877 2080 933 2111 ubi
961 2081 1005 2111 sie
1033 2090 1065 2111 se
1095 2081 1222 2111 habent:
1256 2082 1296 2112 τὸ
1325 2082 1360 2112 δὲ
1387 2081 1445 2118 ἤδη
1472 2083 1512 2113 τὸ
1542 2083 1633 2122 ἐγγύς
1659 2084 1731 2114 ἐστι
1760 2087 1822 2116 τοῦ
1842 2088 2008 2122 παρόντος

386 2134 446 2164 νῦν
475 2132 619 2173 ἀτόμου,
651 2132 743 2173 μέρος
773 2132 807 2164 δὲ
828 2137 890 2164 τοῦ
920 2133 1097 2174 μέλλοντος
1127 2133 1262 2174 χρόνου·
1293 2133 1394 2164 πότε
1423 2133 1640 2175 βαδίσεως
1671 2134 1757 2172 ἤδη,
1787 2133 1842 2166 ὅτι
1869 2135 1961 2176 ἐγγὺς
1987 2136 2006 2165 ὁ

385 2184 517 2225 χρόνος,
554 2186 587 2217 ἐν
617 2184 641 2228 ᾧ
671 2185 795 2226 μέλλει·
831 2186 888 2216 καὶ
915 2190 977 2217 τοῦ
1002 2187 1229 2227 παρελθόντος
1259 2186 1377 2227 χρόνου
1406 2186 1448 2218 τὸ
1477 2186 1519 2227 μὴ
1554 2187 1661 2226 πόῤῥω
1696 2190 1759 2218 τοῦ
1792 2191 1870 2218 νῦν·
1903 2187 2006 2218 πότε
