2103 2432
1987 0 2103 195 Ἰ

479 242 509 280 §.
535 237 592 275 24.
642 238 734 272 Cum
758 223 1083 274 demonstrativum
1106 231 1328 267 vocabulum
1353 230 1400 267 sit
1425 230 1468 274 δή
1492 242 1522 266 s.
1546 229 1634 274 ἤδη,
1669 242 1746 266 non
1771 238 1826 266 est
1848 230 2068 274 mirandum,

337 297 437 343 quod
460 309 544 331 cum
559 302 740 342 potestate
756 293 874 329 nostri
896 304 953 334 so,
980 291 1080 339 quod
1104 291 1235 326 fortius
1261 290 1366 325 dann
1391 290 1540 332 dicitur,
1567 288 1749 335 apodosin
1773 289 1932 324 inchoat.
1974 288 2075 334 Fiat.

337 355 482 391 Charm.
508 367 544 402 p.
567 359 645 391 157.
670 355 713 388 A.
763 351 802 395 ἦς
833 352 1058 398 ἐγγενομένης
1089 351 1151 387 καὶ
1183 353 1388 399 παρούσης,
1424 348 1555 400 ῥᾴδιον
1585 347 1649 391 ἤδη
1680 346 1793 386 εἶναι,
1836 351 1901 390 τὴν
1935 349 2076 394 ὑγίειαν

334 416 397 450 καὶ
420 418 468 463 τῇ
492 416 635 465 κεφαλῇ
666 413 728 448 καὶ
759 415 810 458 τῷ
842 410 942 456 ἄλλῳ
973 411 1119 454 σώματι
1149 408 1316 458 πορίζειν.
1366 407 1516 442 Aristot.
1541 405 1700 449 Rhet.1,
1733 409 1787 441 10.
1822 418 1859 452 p.
1872 410 1930 444 39.
1970 404 2072 452 Sylb.

334 470 428 508 εἰδὲ
461 474 537 514 νέος
572 470 840 521 ἣπρεσβύτης,
879 467 900 510 ἣ
927 465 1064 508 δίκαιος
1095 464 1282 511 ἣόἶδικος,
1324 465 1390 509 ἤδη
1422 464 1603 517 διαφέρει.
1653 463 1767 511 Soph.
1803 463 1893 499 Oed.
1929 464 1971 499 Τ.
1989 464 2081 513 463.-

333 530 468 566 Herod.
489 530 516 574 Ι,
542 530 600 566 40.
633 533 664 566 εἰ
693 531 760 576 μὲν
792 529 865 576 γὰρ
894 528 967 563 ὑπὸ
999 524 1149 567 ὀδόντος
1182 540 1244 562 τοι
1273 523 1352 562 εἷπε
1382 528 1609 567 τελευτήσειν
1633 538 1677 570 με
1701 523 1722 566 ἢ
1746 524 1865 560 ἄλλου
1898 538 1964 560 τευ
1998 523 2074 567 ὅ,τι

331 594 454 635 τούτῳ
478 587 592 633 ἔοικε,
620 591 714 637 χρῆν
737 584 779 628 δή
804 599 846 622 σε
869 586 1004 621 ποιέειν
1027 585 1079 620 τὰ
1101 586 1242 626 ποιέεις.
1277 583 1450 631 Xenoph.
1475 583 1592 618 Anah.
1612 583 1639 626 Ι,
1669 586 1725 626 10,
1750 585 1806 618 13.
1850 581 1949 617 Pind.
1974 582 2070 629 frag.

335 658 394 694 ap.
420 648 536 693 Heyn.
563 646 604 681 T.
623 645 683 681 ΙΙΙ.
707 655 744 692 p.
765 644 792 679 l.
823 655 860 691 p.
881 646 939 680 39.
978 645 1066 678 θεοῦ
1091 641 1130 678 δὲ
1153 639 1339 684 δείξαντος
1362 643 1487 691 ἀρχὰν
1508 640 1672 678 ἕκαστον
1696 645 1735 677 ἐν
1758 644 1917 690 πρᾶγος,
1942 644 2071 677 εὐθεῖα

330 706 374 748 δὴ
405 708 570 746 κέλευθος
603 706 742 754 ἀρετὰν
784 705 887 739 ἑλεῖν.
937 700 1026 735 Plat.
1061 700 1184 746 Symp.
1219 712 1255 746 p.
1275 703 1356 736 209.
1381 700 1424 734 B.
1465 703 1562 737 πανὺ
1594 699 1646 741 δή.
1687 697 1735 733 cf.
1761 698 1892 734 Stallb.
1936 698 2084 746 Phaedffi

331 775 368 810 p.
388 765 444 799 61.
469 764 512 798 B.
560 761 733 809 Xenoph.
757 759 945 801 Anab.IV‚
975 764 1006 801 1,
1032 762 1066 794 2.
1091 765 1127 793 et
1151 761 1186 800 3,
1212 761 1269 793 27.
1308 758 1352 800 V,
1379 762 1413 800 2,
1439 761 1472 793 5.

474 826 505 863 §.
531 824 588 858 25.
640 822 732 856 Cum
769 819 860 854 alias
908 824 986 853 tum
1024 817 1063 853 in
1095 816 1252 864 apodosi
1290 814 1503 863 saepissime
1540 814 1829 852 demonstrativa
1864 814 2069 862 particulae

329 880 383 917 vis
414 880 604 916 vocabulis
636 876 930 914 demonstrativis
964 876 1142 924 appositis
1173 875 1380 922 adjuvatur.
1428 875 1511 908 Jam
1542 874 1701 921 primum
1733 874 1880 921 epicum
1903 874 1995 909 illud
2019 875 2069 917 δὴ

328 941 434 976 τότε
457 939 654 985 utrobique
679 935 1015 984 frequentissimum
1029 942 1095 971 est.
1144 935 1264 970 Extra
1287 933 1468 982 apodosin
1487 933 1555 970 Od.
1570 949 1608 977 α,
1632 933 1714 970 424.
1737 949 1769 977 ο,
1788 937 1872 971 228.
1901 933 1931 968 ll
1941 949 1971 979 ε,
1989 934 2067 970 114.

329 1013 369 1048 ρ,
396 998 477 1034 410.
519 997 619 1033 Pind.
661 996 805 1039 01.ΠΙ,
832 995 877 1031 45
907 997 1013 1036 (26).
1064 994 1106 1029 In
1139 993 1296 1040 apodosi
1325 993 1365 1028 Il.
1386 1008 1431 1035 α,
1456 992 1539 1028 476.
1589 992 1629 1028 ll.
1651 1008 1687 1037 ε,
1715 995 1794 1029 136.
1844 993 1935 1029 Item
1966 994 2067 1040 apud

327 1056 469 1091 Atticos
503 1053 690 1098 τότεδή
723 1054 782 1090 vel
813 1051 906 1090 τότ’
936 1052 1025 1096 ἤδη.
1075 1052 1163 1087 Plat.
1191 1051 1315 1099 Symp.
1340 1062 1376 1097 p.
1398 1050 1478 1087 184.
1503 1051 1664 1096 D,--E.
1714 1051 1809 1089 ὅταν
1840 1054 1910 1102 γὰρ
1940 1056 1990 1094 εἰς
2020 1055 2065 1089 τὸ

328 1118 423 1154 αὐτὸ
448 1117 605 1151 ἐλὲὧσιν
629 1116 785 1164 ἐραστής
809 1126 851 1148 τε
875 1113 937 1148 καὶ
959 1109 1136 1156 παιδικά,
1168 1112 1281 1156 νόμον
1303 1109 1399 1158 ἔχων
1433 1112 1602 1160 ἑκάτερος
1620 1139 1630 1146 .
1649 1139 1658 1146 .
1678 1138 1708 1155 .,
1740 1113 1830 1147 τότε
1855 1109 1897 1153 δὴ
1922 1116 2065 1148 τούτων

326 1175 521 1217 ξυνιόντων
552 1176 599 1214 εἰς
641 1172 783 1210 ταύτὸν
811 1173 884 1207 τῶν
917 1171 1054 1216 νόμων,
1094 1172 1266 1218 μοναχοῦ
1298 1171 1468 1205 ἐνταῦθα
1511 1168 1705 1215 ξυμπίπτει
1739 1171 1786 1206 τὸ
1823 1172 1938 1207 καλὸν
1970 1169 2064 1219 εἶναι

324 1232 478 1269 παιδικὰ
509 1233 648 1280 ἐραστῇ
684 1230 935 1278 χαρίσασθαι.
983 1226 1134 1262 Phaedr.
1168 1239 1203 1273 p.
1226 1228 1310 1263 2552
1331 1226 1361 1260 Β
1385 1245 1427 1251 -
1446 1227 1487 1261 C.
1536 1227 1614 1261 Nec
1639 1238 1715 1262 non
1747 1227 1831 1270 ἤδη
1862 1230 1975 1265 τότε
2010 1228 2092 1264 sic*

322 1297 533 1337 usurpatur.
582 1287 754 1335 Xenoph.
780 1287 890 1322 Mem.
909 1285 960 1330 ΙΙ,
985 1289 1027 1329 9,
1054 1289 1086 1322 7.
1136 1285 1224 1320 Plat.
1259 1284 1406 1320 Theaet.
1437 1296 1473 1331 p.
1495 1286 1574 1321 165.
1598 1285 1642 1321 E.
1676 1285 1723 1322 cf.
1748 1286 1879 1322 Heind.
1903 1286 1952 1322 ad
1974 1287 2009 1323 h.
2035 1288 2059 1324 l.

322 1348 550 1395 eundemque
574 1348 618 1382 de
638 1348 718 1383 τότ’
745 1344 809 1388 ἤδη
835 1345 883 1380 ad
905 1344 1056 1379 Phaedr.
1081 1343 1105 1377 l.
1133 1343 1191 1378 cit.
1241 1344 1434 1378 Praeterea
1455 1342 1646 1378 tritissima
1669 1344 1765 1381 οὕτω
1796 1344 1840 1388 δή
1856 1345 1922 1387 ‘vel
1947 1345 2061 1388 οὕτως

322 1406 387 1450 ἤδη
419 1414 529 1454 atque
561 1408 729 1443 ἐνταῦθα
761 1402 803 1447 δή
820 1410 888 1439 eto.
937 1403 1026 1439 Plat.
1065 1402 1189 1449 Symp.
1223 1414 1259 1449 p.
1283 1404 1361 1439 199.
1386 1401 1429 1437 Β.
1482 1402 1545 1439 ἵνα
1575 1406 1939 1451 ἀνομολογησάμενος
1975 1407 2061 1456 παρ’

321 1471 438 1503 αὐτοῦ
471 1466 583 1507 οὕτως
616 1463 681 1507 ἤδη
720 1465 819 1508 λέγω.
868 1462 1001 1497 Phaed.
1025 1464 1132 1507 p.61.
1161 1462 1200 1496 C.
1251 1459 1386 1495 Herod.
1403 1460 1430 1502 Ῑ,
1459 1463 1538 1496 116.
1586 1462 1677 1497 Ibid.
1700 1474 1731 1497 c.
1744 1466 1777 1498 5.
1809 1464 1874 1507 IX,
1892 1466 1926 1500 6.
1969 1464 2058 1499 Plat.

322 1523 412 1558 Tim.
437 1535 473 1571 p.
484 1527 541 1560 30.
566 1523 609 1559 A.
636 1541 683 1548 —
732 1517 884 1564 Thuc.l,
910 1524 968 1559 91.
1001 1523 1166 1558 ἐνταῦθα
1190 1516 1243 1563 δή.
1292 1519 1384 1555 Item
1406 1518 1579 1567 Xenoph.
1603 1520 1721 1556 Anah.
1741 1521 1767 1564 Ι,
1798 1526 1853 1566 10,
1879 1526 1901 1559 5
1928 1525 1985 1564 (3)
2012 1543 2057 1548 -—

320 1583 409 1618 Plat.
435 1583 524 1630 Rep.
547 1594 584 1629 p.
601 1581 684 1618 492.
712 1582 750 1615 C.
783 1584 821 1617 ἐν
846 1580 888 1623 δὴ
911 1584 964 1627 τῷ
986 1584 1154 1626 τοιούτῳ.

465 1645 495 1682 §.
522 1643 579 1677 26.
629 1641 744 1675 Porro
767 1650 815 1673 ex
839 1638 1125 1674 demonstrativa
1154 1635 1356 1685 particulae
1381 1645 1514 1673 natura
1548 1638 1748 1675 derivanda
1776 1647 1833 1676 est
1863 1640 1929 1675 illa
1958 1641 2055 1687 ejus-

319 1700 403 1735 dem
425 1700 501 1742 vis,
539 1711 614 1747 qua
637 1699 950 1734 consecutionem
976 1698 1160 1745 designat,
1188 1703 1225 1731 et
1253 1696 1351 1732 valet
1386 1698 1527 1745 igitur,
1557 1698 1671 1734 also.
1723 1699 1764 1734 In
1789 1712 1864 1747 quo
1894 1700 2055 1743 notabis,

319 1759 471 1795 eandem
495 1770 577 1793 esse
602 1765 638 1793 et
662 1756 767 1793 latini
791 1763 826 1791 et
850 1756 968 1792 nostri
991 1755 1163 1793 vocabuli
1178 1755 1368 1792 rationem.
1419 1758 1540 1803 Quare
1564 1764 1601 1792 et
1624 1757 1736 1804 hujus
1760 1759 1918 1806 simplex
1934 1759 2054 1795 forma

317 1831 362 1854 so
383 1819 421 1853 in
445 1817 601 1864 apodosi
625 1816 799 1853 solemnis
825 1822 900 1859 est,
936 1822 972 1850 et
994 1815 1093 1850 illius
1127 1815 1301 1862 primaria
1333 1822 1497 1862 potestas
1529 1829 1614 1851 cum
1637 1828 1701 1861 eo,
1743 1829 1852 1865 quem
1884 1819 1924 1853 in
1953 1826 2054 1854 ante·

317 1876 529 1911 cedentibus
573 1875 836 1922 explicuimus,
878 1873 981 1910 vocis
1017 1873 1058 1917 δή
1091 1886 1165 1910 usu
1201 1875 1381 1922 congruit.
1440 1875 1629 1923 Frequens
1668 1876 1765 1911 enim
1805 1878 1928 1924 igitur
1958 1885 2050 1922 tam,

316 1937 438 1982 igitur
467 1935 635 1977 demum,
680 1935 801 1981 igitur
835 1933 971 1968 deinde
1003 1933 1103 1980 apud
1134 1933 1319 1969 Plautum:
1359 1945 1480 1981 neque
1509 1946 1585 1970 non
1622 1934 1731 1971 etiam
1760 1935 1901 1971 nudum
1930 1938 2052 1985 igitur

314 1994 495 2041 apodosin
530 1992 697 2027 inchoat:
738 1991 853 2027 Plaut.
888 1992 970 2027 Cas.
989 1992 1040 2035 ΙΙ,
1067 1996 1107 2035 2,
1135 1992 1192 2028 40.
1229 2004 1325 2027 mox
1362 1995 1492 2042 magis
1523 2006 1611 2029 cum
1642 1996 1761 2030 otiam
1792 1995 1891 2030 milti
1917 2002 1956 2031 et
1982 1996 2056 2031 tibi

312 2054 406 2096 erit,
448 2053 568 2100 igitur
606 2058 733 2086 tecum
778 2050 925 2097 loquar.
987 2051 1144 2086 Omnino
1184 2057 1306 2086 autem
1342 2054 1574 2100 μεταβατικῷ
1613 2052 1655 2096 δή
1691 2054 1905 2089 consecutio
1942 2054 2048 2091 inest.

311 2111 482 2146 Diximus
513 2109 625 2152 enim,
658 2108 853 2144 transitum
883 2108 948 2144 illo
978 2109 1103 2156 parari
1134 2121 1209 2144 non
1242 2110 1291 2145 ad
1322 2122 1437 2154 nova,
1472 2111 1538 2146 sed
1569 2111 1617 2146 ad
1651 2113 1851 2159 conjuncta
1882 2112 1939 2148 vel
1963 2125 2049 2159 pro-

311 2169 462 2217 pinqua.
509 2171 593 2207 ,lam
622 2179 709 2203 vero
742 2167 1000 2214 propinquitas
1035 2179 1111 2203 non
1144 2169 1265 2205 solum
1301 2180 1345 2204 ea
1376 2176 1449 2213 est,
1492 2182 1566 2217 qua
1596 2171 1697 2206 aliud
1732 2171 1796 2206 alii
1829 2172 2048 2216 continetur,

312 2228 378 2262 sed
407 2228 515 2263 etiam
546 2238 634 2275 qua,
649 2226 750 2261 aliud
779 2238 827 2261 ex
858 2226 930 2262 alio
955 2226 1132 2274 sequitur.
1185 2229 1266 2274 Quo
1290 2228 1437 2263 nomine
1471 2235 1549 2264 tum
1581 2229 1677 2266 inter
1705 2241 1768 2274 ea,
1806 2241 1901 2279 quae
1934 2242 2050 2279 supra
2101 2248 2103 2266 ;
