2103 2432
921 132 964 163 10

65 260 235 306 Xenoph.
262 259 398 306 Cyrop.
415 258 514 301 VIII,
541 262 575 300 2,
597 263 652 293 17.
678 256 705 293 ὦ
721 260 815 305 Κῦρε
833 258 1009 301 βασιλεῦ,
1035 257 1097 292 καὶ
1122 257 1204 302 ἐμοὶ
1221 256 1286 299 ἤδη
1305 259 1374 308 χρὴ
1392 261 1436 298 ὡς
1454 259 1617 305 πλουσίῳ
1635 265 1805 309 χρῆσθαι

64 318 182 360 (auch
202 329 278 352 von
297 319 373 352 mir
390 317 510 352 noch
536 313 657 363 ngfis‘t
673 315 724 349 da
750 314 959 349 Gebrauelz
978 314 1173 356 mac-lien).
1222 314 1263 349 Il.
1285 330 1323 359 α,
1352 318 1432 352 161.
1458 318 1520 353 καὶ
1543 316 1585 359 δή
1608 332 1673 363 μοι
1698 321 1806 369 γέρας

64 378 178 418 αὐτὸς
201 377 484 427 ἀφαιρήσεσθαι
508 378 673 415 ἀπειλεῖς.
717 373 759 408 Il.
785 388 830 416 τ,
856 372 939 409 349.
982 374 1071 419 Lys.
1097 384 1174 407 acc.
1199 374 1312 419 Agor.
1339 377 1369 414 §.
1384 373 1419 409 4.
1444 375 1487 410 ἵν’
1512 374 1629 417 εἰδῆτε
1660 381 1805 426 πρῶτον

66 437 203 481 μὲν...,
234 436 298 471 καὶ
323 434 366 478 δὴ
396 433 458 471 ὅτι
478 435 721 476 ἀποθνήσκειν
745 433 940 479 μέλλοντες
964 432 1175 478 ἐπέσκηψαν
1200 432 1298 473 (und
1315 432 1496 475 endlich).
1554 433 1644 470 Plat.
1675 434 1808 471 Phaed.

63 506 102 542 p.
120 497 199 530 115.
226 494 267 529 C.
291 496 352 530 καὶ
377 497 494 544 ἐρωτᾷ
513 490 575 534 δὴ.
610 495 683 533 πῶς
706 506 751 537 με
768 492 906 540 Setun-32.
955 490 1045 525 Plat.
1071 491 1173 527 Men.
1197 504 1234 538 p.
1249 495 1307 529 87.
1333 493 1377 527 E.
1402 494 1551 537 Ὑγίεια,
1577 497 1723 544 φαμέν,
1749 498 1811 531 καὶ

66 556 176 600 ἰσχὺς
194 553 258 588 καὶ
277 553 409 593 κάλλος
427 553 488 587 καὶ
508 553 669 590 πλοῦτος
691 548 743 590 δή.
793 548 965 594 Xenoph.
985 549 1098 584 Mem.
1119 549 1164 593 II,
1189 552 1224 593 6,
1249 554 1283 586 7.
1310 552 1371 586 καὶ
1388 549 1508 600 ἄνδρα
1529 549 1595 594 δὴ,
1619 548 1730 598 λέγεις
1742 560 1811 588 etc.

67 610 173 651 (und
194 610 298 645 auch
325 611 387 645 ein
414 608 564 652 fllann,
604 608 743 642 meinst
767 606 852 648 dn).
904 607 1082 653 Ejusdem
1105 615 1260 644 naturae
1284 614 1340 644 est
1363 607 1452 654 μηδὲ
1479 608 1520 650 δὴ
1540 615 1630 652 etc.,
1665 609 1710 645 de
1735 622 1810 658 quo

65 669 148 704 vide
174 668 361 703 Schaefer.
386 666 433 701 ad
456 667 565 701 Dion.
592 665 674 700 Hal.
702 666 830 710 Comp.
855 665 967 699 Verb.
992 677 1028 711 p.
1043 665 1124 701 140.

214 731 246 767 §.
272 729 329 762 20.
379 725 534 771 Insuper
557 722 629 758 hoc
664 722 708 765 δή
740 722 865 757 addito
898 723 1007 758 etiam
1042 722 1159 759 altero
1186 726 1247 760 καί
1271 722 1484 771 amplificari
1515 723 1621 759 solet.
1671 727 1745 762 Καὶ
1770 725 1813 769 δὴ

69 785 129 821 καί
152 783 252 819 idem
274 784 370 820 valet
396 783 497 830 quod
521 788 564 821 οὐ
590 783 703 829 μόνον
724 800 771 807 -—-
792 782 893 818 ἀλλὰ
920 783 1002 818 acal:
1037 781 1131 817 illud
1155 782 1303 830 quidem
1326 782 1505 826 annectit,
1539 781 1611 819 hoc
1635 789 1814 832 tanquam

67 849 238 878 mutuum
264 842 451 878 vinculum
480 839 666 876 connectit
691 839 908 876 sententias..
952 841 1089 876 Herod.
1115 841 1143 885 I,
1170 845 1228 878 30.
1254 845 1288 884 ἐς
1315 841 1501 887 Αἴγυπτον
1529 843 1681 878 ἀπίκετο
1709 846 1814 893 παρὰ

61 902 225 947 Ἄμασιν
243 902 303 937 καὶ
328 898 371 942 δὴ
389 902 449 937 καὶ
467 903 501 942 ἐς
524 899 660 949 Σάρδις
678 901 782 948 παρὰ
802 903 974 949 Κροῖσον.
1024 900 1243 948 Pervulgata
1267 906 1324 935 est
1347 898 1492 934 dicendi
1515 898 1676 936 formula
1696 901 1810 943 ἄλλος

66 974 108 996 τε
137 980 183 985 -
209 960 269 996 καὶ
295 959 336 1001 δὴ
365 960 436 995 καί.
459 979 507 985 -
555 958 728 993 Budaeus
755 959 893 992 Comm.
924 959 967 992 L.
998 959 1060 994 Gr.
1091 972 1128 1006 p.
1145 962 1250 995 1267.
1275 958 1471 993 locutionis
1500 961 1598 995 ἀλλὰ
1624 959 1666 1001 δὴ
1689 961 1751 996 καί
1774 960 1814 994 in

68 1017 179 1052 simili
211 1029 284 1052 usu
313 1017 493 1052 versantis
529 1028 645 1051 unum
683 1015 883 1050 alterumve
915 1016 1125 1063 exemplum
1157 1015 1310 1063 profert.
1369 1016 1500 1051 Liban.
1527 1016 1632 1053 οὗτοι
1660 1017 1723 1054 διὰ
1746 1020 1813 1060 τὴν

70 1077 208 1113 οἰκείαν
241 1078 375 1124 τέχνην
409 1073 537 1111 ἄδειαν
568 1072 673 1123 εἶχον
710 1076 857 1125 ἀπιέναι
899 1073 984 1111 ὅποι
1023 1074 1072 1112 ἄν
1111 1077 1318 1122 βούλωνται
1334 1100 1345 1118 ,
1404 1077 1502 1112 ἀλλὰ
1543 1074 1585 1117 δὴ
1625 1077 1687 1112 καὶ
1726 1078 1815 1127 πρὸς

71 1136 277 1179 πολεμίους.

219 1196 249 1231 §.
276 1195 332 1226 21.
381 1191 495 1225 Ροιτο
521 1189 590 1225 viri
615 1189 714 1224 docti
737 1189 921 1225 vocabula
952 1191 1014 1226 καὶ
1039 1189 1081 1233 δή
1111 1189 1327 1226 consociata
1349 1189 1479 1225 volunt
1498 1188 1582 1238 fae
1606 1202 1636 1226 s.
1649 1189 1734 1239 sac
1757 1192 1813 1226 ita

72 1261 159 1285 esse
181 1248 321 1285 valere:
355 1248 455 1283 velut
480 1247 609 1283 Elmsl.
637 1248 684 1282 ad
714 1249 842 1295 Eurip.
875 1248 975 1284 Med.
1000 1260 1036 1294 p.
1054 1247 1134 1284 146.
1163 1261 1195 1285 v.
1216 1253 1320 1295 380.;
1351 1248 1480 1283 Valck.
1507 1249 1555 1283 ad
1577 1250 1712 1285 Herod.
1732 1250 1812 1293 VII,

75 1307 177 1353 1843
214 1306 347 1342 Blomt.
379 1307 428 1341 ad
461 1306 594 1341 Aesch.
621 1306 785 1353 Choeph.
818 1319 851 1342 v.
871 1311 973 1351 557.;
1012 1306 1135 1340 Herm.
1167 1307 1215 1342 ad
1242 1307 1325 1353 vig.
1358 1310 1488 1352 p.839.
1514 1313 1590 1342 not.
1604 1311 1687 1343 331.
1738 1308 1811 1342 Sed

72 1364 274 1400 rectissime
298 1364 523 1399 Matthiaeus
548 1364 586 1398 in
612 1375 665 1411 gr.
693 1376 747 1411 gr.
774 1367 899 1406 §.603.
925 1376 1007 1398 eam
1030 1363 1102 1399 vim
1126 1364 1269 1400 monuit
1284 1376 1360 1400 non
1374 1365 1564 1412 particulis
1585 1365 1720 1409 inesse,
1747 1365 1814 1401 sed

72 1423 188 1471 ipsius
214 1423 413 1459 sententiae
448 1422 593 1458 rationi.
644 1424 766 1469 Quare
791 1430 913 1459 manet
944 1422 1030 1467 illa,
1073 1424 1183 1459 etiam
1216 1424 1345 1460 demtis
1377 1424 1434 1460 his
1466 1424 1619 1461 voculis.
1680 1426 1809 1473 Eurip.

72 1483 247 1519 Androm.
273 1486 355 1519 335.
406 1485 575 1525 Te'Svnxa
599 1487 644 1532 τῇ
670 1486 719 1533 σῇ
739 1484 920 1531 θυγατρὶ,
946 1484 1008 1519 καί
1031 1488 1071 1528 μ’
1095 1487 1280 1521 ἀπώλεσεν
1304 1483 1382 1528 fac,
1405 1495 1463 1518 me
1487 1490 1683 1520 mortuum.
1732 1486 1815 1520 Per-

74 1541 165 1578 tinet
190 1541 285 1577 enim
308 1541 381 1577 hoc
406 1541 454 1577 ad
476 1540 578 1577 illam
607 1541 832 1577 Graecorum
858 1540 1181 1585 consuetudinem,
1216 1553 1312 1589 qua,
1352 1553 1445 1589 quae
1470 1542 1540 1578 sub
1566 1549 1666 1578 certa
1690 1543 1816 1579 condi-

75 1601 176 1635 tione
201 1601 277 1635 fieri
300 1607 481 1646 possunt,
508 1607 685 1646 tanquam
711 1611 839 1635 revera
863 1600 962 1634 facta
984 1600 1281 1646 pronuntiantur.
1331 1601 1411 1636 Hoc
1436 1600 1539 1635 dico:
1575 1600 1817 1640 Indicativum

76 1659 162 1695 loco
189 1658 350 1706 Optativi
372 1658 546 1706 usurpari
577 1662 704 1705 (quem
734 1665 855 1694 tamen
885 1658 1008 1705 ipsum
1040 1658 1186 1706 scripsit
1215 1658 1347 1694 Aesch.
1380 1659 1541 1706 Choeph.
1568 1662 1650 1697 557.
1688 1661 1749 1696 καὶ
1774 1658 1817 1703 δὴ

77 1723 250 1769 θυρωρῶν
273 1719 371 1759 οὔτις
396 1717 444 1754 ἄν
468 1717 613 1769 φαιδρᾷ
640 1720 747 1768 φρενὶ
771 1718 963 1760 Δέξαιτο),
987 1718 1188 1763 particulas
1213 1729 1300 1753 vero
1321 1717 1484 1759 eandem,
1512 1729 1623 1764 quam
1646 1718 1684 1752 in
1709 1729 1816 1763 supe-

77 1776 238 1810 rioribus
269 1781 488 1821 potestatem
521 1774 670 1809 habere.
730 1774 864 1810 Herod.
890 1774 976 1817 vn,
1013 1779 1076 1818 10,
1113 1779 1146 1811 2.
1185 1776 1246 1811 καὶ
1274 1775 1316 1818 δὴ
1341 1776 1403 1811 καὶ
1428 1777 1612 1817 συνήνεικε
1645 1781 1686 1810 et
1710 1773 1818 1810 facile

78 1835 195 1869 etiam
227 1833 407 1870 acciderit.
455 1832 547 1869 Ibid.
572 1833 660 1876 VII,
696 1836 775 1871 186.
813 1835 874 1871 καὶ
903 1833 944 1877 δή
971 1843 1089 1887 σφεας
1117 1837 1225 1870 ποιέω
1250 1836 1352 1875 ἴσους
1381 1834 1551 1871 ἐκείνοισι
1582 1833 1677 1870 εἶναι
1706 1840 1819 1880 atque

77 1893 227 1927 etiamsi
256 1904 414 1939 aequum
441 1893 575 1927 horum
605 1903 798 1927 numerum
837 1892 972 1927 dicam.
1026 1892 1152 1939 Eurip.
1180 1891 1259 1927 Hel.
1290 1894 1393 1929 1059.
1420 1893 1481 1936 καὶ
1505 1891 1547 1934 δὴ
1570 1896 1750 1942 παρεῖκεν.
1771 1911 1818 1918 —-

79 1950 152 1986 Ubi
177 1952 238 1987 καὶ
262 1950 304 1993 δὴ
327 1953 395 2002 γάρ
421 1951 598 1999 scriptum
628 1958 703 1995 est,
728 1950 781 1986 ibi
805 1952 884 1996 καὶ,
919 1951 1227 2000 quemadmodum
1250 1950 1288 1986 in
1312 1950 1498 1987 locutione
1523 1953 1585 1989 καὶ
1608 1953 1679 1999 γάρ
1712 1949 1817 1995 solet,

81 2011 271 2045 abundare
305 2010 458 2045 videtur.
516 2011 642 2057 Eurip.
677 2011 775 2046 Med.
804 2012 908 2046 1076.
942 2013 1003 2046 καὶ
1034 2011 1076 2052 δὴ
1106 2013 1177 2061 γὰρ
1208 2009 1289 2051 ἅλις
1320 2012 1448 2058 βίοτόν
1478 2013 1513 2045 θ’
1540 2008 1647 2058 εὗρον
1678 2009 1821 2045 etiamsi

82 2069 176 2103 enim
202 2068 320 2103 victus
351 2068 645 2114 suppeditaverit.
703 2068 889 2115 Aristoph.
914 2070 1026 2115 Vesp.
1057 2068 1160 2104 1224.
1188 2069 1249 2103 καὶ
1274 2067 1315 2109 δὴ
1340 2070 1412 2114 γὰρ
1437 2070 1503 2113 εἴμ’
1526 2069 1592 2114 ἐγὼ
1617 2069 1737 2103 Κλέων
1761 2067 1820 2102 fac

82 2127 177 2162 enim
201 2138 315 2174 porro
339 2138 397 2162 me
429 2127 601 2161 Cleonem
623 2138 715 2161 esse.

262 2196 336 2226 Not.
379 2196 439 2227 Hie
459 2195 596 2231 demum,
624 2205 661 2225 ne
682 2194 900 2225 vocabulorum
929 2196 983 2225 καὶ
1014 2196 1051 2231 δή
1080 2193 1324 2235 significationes
1350 2193 1493 2234 pluribus
1522 2192 1600 2223 locis
1630 2193 1820 2233 quaerendae

199 2247 401 2286 diducuntur,
423 2248 460 2278 de
481 2246 641 2287 temporali
663 2256 769 2276 eorum
791 2246 823 2277 vi
839 2246 939 2278 dicere
956 2246 1050 2277 lubet.
1092 2246 1127 2276 lu
1146 2257 1206 2287 qua
1222 2245 1355 2287 primum
1379 2244 1523 2276 valeniae
1537 2245 1616 2284 jam.
1658 2244 1691 2274 11.
1707 2257 1735 2283 o,
1752 2244 1819 2277 251.

2005 0 2103 9 μήνὴ-ι
