2103 2432
922 153 945 184 (J'

61 280 171 325 γέγον’
202 278 357 321 ἐσθλός,
395 277 432 320 ὃς
466 277 681 327 Ἀργείοισιν
711 275 843 318 ἀνάξει.
894 274 996 310 Pind.
1031 275 1134 322 Pyth.
1152 276 1198 319 V,
1224 279 1269 313 27
1296 279 1375 318 (21)
1407 277 1532 327 μάκαρ
1561 274 1601 313 δὲ
1635 278 1697 314 καὶ
1729 282 1807 322 νῦν,

31 352 32 355 ’
62 340 225 376 κλεεννᾶς
259 334 321 371 ὅτι
359 335 468 385 εὖχος
501 335 564 378 ἤδη
608 336 710 383 παρὰ
741 332 933 375 Πυθιάδος
973 334 1097 375 ἵπποις
1132 337 1220 371 ἑλών
1255 334 1302 370 cf.
1329 335 1443 371 Tafel.
1478 335 1526 370 ad
1553 336 1589 370 h.
1615 335 1639 370 l.
1691 337 1808 382 Quam

62 393 314 441 propinquum
338 393 411 429 hoe
436 393 501 437 ἤδη
526 393 572 428 sit
596 392 735 439 primae
759 391 914 427 voculae
946 392 1007 436 δή,
1043 391 1088 427 de
1114 403 1188 439 qua
1212 392 1391 437 dlximus,
1427 394 1621 441 potestati,
1656 395 1714 431 vel
1737 395 1808 431 hoc

63 451 275 486 testimonio
311 458 385 495 est,
425 451 526 499 quod
559 450 757 486 locutionis
791 455 855 488 νῦν
887 450 929 493 δή
959 449 1014 486 vis
1049 450 1158 485 etiam
1190 461 1240 485 ex
1269 451 1341 487 hoc
1371 452 1477 488 istius
1513 464 1585 488 usu
1620 455 1810 490 commode

27 542 29 545 ,
61 509 218 544 derivari
249 516 396 557 potest,
435 516 471 545 et
501 509 613 556 vulgo
649 508 834 545 derivatur
859 519 881 543 a
904 508 992 544 viris
1019 508 1149 545 doctis.
1173 527 1218 534 -
1271 509 1311 544 Il.
1328 510 1359 555 ξ,
1385 512 1467 548 368.
1504 517 1548 549 οὐ
1573 514 1644 561 γάρ
1668 518 1704 549 τ’
1729 512 1808 557 οἶδ’,

61 572 93 605 εἰ
117 567 178 604 ἔτι
203 577 299 621 σφιν
330 570 539 618 ὑπότροπος
563 568 687 614 ἵξομαι
712 566 841 611 αὖτις,
867 567 920 604 Ἢ
944 566 1008 610 ἥδη
1032 569 1069 613 μ’
1093 569 1165 604 ὑπὸ
1190 569 1300 618 χερσὶ
1324 570 1407 605 θεοὶ
1432 569 1617 616 δαμόωσιν
1639 575 1811 620 Ἀχαιῶν.

61 626 236 673 Xenoph.
262 626 381 662 Anah.
397 627 476 670 VII,
503 630 536 669 7,
564 626 620 663 24.
656 627 708 669 V,
737 627 780 669 6,
811 628 869 662 30.
920 625 1020 661 Pind.
1047 625 1150 672 Pyth.
1164 625 1231 670 IV,
1260 631 1305 664 12
1329 631 1383 669 (7)
1431 628 1559 664 Πυθία
1583 631 1748 678 χρῆσεν.
1771 658 1778 665 .
1799 658 1807 665 .

62 689 179 722 νᾶσον
207 688 253 727 ὦς
277 684 342 728 ἤδη
367 688 479 722 λιπὼν
503 685 686 722 κτίσσειεν
708 712 716 719 .
737 712 744 719 .
770 686 888 720 πόλιν.

208 748 240 785 §.
267 748 299 780 7.
351 745 473 788 Hanc,
513 755 623 792 quam
653 742 765 779 modo
804 742 1064 786 indicavimus,
1106 743 1324 779 sententiam
1356 743 1582 790 Imperativis
1618 744 1677 780 vel
1714 746 1811 781 Con-

64 803 240 850 junetivis
267 802 503 838 adhortativis
529 810 685 850 utraque
710 801 893 848 particula
918 802 1094 848 adjuncta
1116 802 1296 849 praefert3
1322 813 1396 849 qua
1420 802 1562 838 ratione
1586 807 1808 854 παρακελευ-

64 864 195 899 στικόν
229 860 322 896 illud
356 860 397 903 δή
434 861 587 896 efficitur
612 859 657 901 ³²).
708 860 799 895 Pind
833 859 974 903 OLVI,
1001 863 1047 896 37
1073 864 1153 902 (23)
1198 862 1295 896 ἀλλὰ
1332 860 1455 904 ζεῦξον
1493 860 1558 903 ἤδη
1583 876 1646 907 μοι
1680 863 1810 903 σθένος

63 923 243 968 ἡμιόνων,
278 919 305 967 ᾆ
328 922 457 967 τάχος.
509 919 620 966 Soph.
654 918 743 953 Phil.
761 921 866 955 1162.
916 919 956 954 ll.
974 933 1012 963 κ,
1035 921 1117 956 509.
1168 921 1320 956 Νόστου
1347 918 1388 961 δὴ
1413 923 1569 965 μνῆσαι,
1591 923 1812 965 μεγαθύμου

63 979 201 1021 Τυδέος
226 980 291 1014 υἱέ.
342 977 455 1024 Soph.
481 978 571 1012 Phil.
604 978 707 1013 1455.
731 982 906 1027 χωρῶμεν
940 978 982 1020 δὴ
1013 979 1148 1019 πάντες
1180 979 1335 1019 ἀολλεῖς.
1390 977 1468 1012 Nec
1499 984 1620 1013 tamen
1655 978 1809 1013 ubicun-

64 1049 137 1085 que
163 1035 391 1083 Imperativis
424 1036 593 1081 junctum
617 1042 691 1079 est,
722 1036 961 1083 temporalem
984 1035 1097 1070 hahet
1121 1041 1359 1082 potestatem,
1395 1035 1460 1071 sed
1485 1036 1698 1084 saepissime
1723 1047 1808 1072 eon-

65 1095 280 1140 junctivam.
316 1094 371 1129 Cf.
398 1099 428 1134 §.
446 1097 500 1130 16.

213 1157 243 1193 §.
271 1156 304 1189 8.
356 1153 436 1186 Ηοο
468 1152 509 1195 δή
543 1153 877 1201 παρακελευστικόν
912 1158 1115 1205 peljpetuus
1146 1152 1223 1187 fere
1260 1152 1384 1187 socius
1405 1159 1472 1187 «θεῖ
1505 1152 1636 1186 harum
1667 1152 1809 1187 tritissi-

65 1206 211 1249 marum
234 1207 476 1247 locutionem:
510 1210 574 1258 ἄγε
599 1209 660 1255 δή,
690 1213 778 1262 φέρε
811 1209 874 1256 δή,
909 1213 965 1248 2¹2⁶
997 1210 1060 1254 δή,
1093 1213 1184 1260 βάλε
1216 1222 1282 1246 seu
1307 1213 1423 1261 ἀβάλε
1454 1210 1495 1254 δή
1522 1211 1653 1252 [Alom.
1679 1211 1808 1259 fragm.

64 1265 159 1321 βάλε
186 1271 249 1313 δή,
284 1272 399 1318 βάλε,
433 1273 584 1319 κηρύλος
609 1269 727 1311 εἴηνέ)
745 1276 813 1303 eto.
863 1270 903 1302 In
931 1268 1065 1314 quibus
1093 1280 1188 1314 quae
1213 1269 1245 1302 ei
1271 1269 1469 1314 respondet
1492 1269 1606 1302 latina
1630 1270 1811 1315 particula

66 1330 156 1365 dam
193 1327 396 1376 (agedum,
440 1327 635 1371 adesdum,
673 1327 837 1371 dicdum,
881 1326 1061 1362 cedodum
1079 1331 1171 1369 etc.)
1204 1326 1330 1362 eadem
1361 1333 1417 1363 est
1449 1333 1590 1363 natura.
1647 1328 1728 1363 Hoc
1762 1328 1813 1365 ita

70 1399 153 1424 esse
185 1394 339 1435 apparet
368 1399 444 1422 non
478 1394 621 1422 tantum
647 1398 694 1421 ex
726 1387 912 1421 locutione
942 1387 1110 1431 primum
1146 1387 1252 1428 dnm,
1291 1398 1386 1433 quae
1416 1386 1512 1422 valet
1543 1388 1650 1421 initio
1681 1389 1811 1421 statim

68 1447 208 1487 (Plaut.
235 1445 380 1488 T1·in.1,
407 1449 441 1488 2,
468 1448 526 1481 61.
577 1443 657 1479 Mil.
685 1444 741 1478 Gl.
760 1444 804 1486 II,
831 1447 865 1486 3,
892 1447 949 1479 26.
1001 1444 1114 1479 Most.
1129 1444 1155 1487 1,
1182 1448 1215 1487 2,
1240 1446 1306 1491 393
1346 1444 1391 1488 11,
1420 1449 1452 1488 1,
1479 1447 1567 1486 53J:
1606 1443 1672 1479 sed
1704 1443 1812 1482 etiam

70 1518 117 1541 ex
142 1504 319 1553 negativis
345 1503 538 1551 particulis
564 1502 754 1546 nondum,
780 1502 937 1537 mindam
957 1510 1025 1538 ete.

250 1573 327 1603 Not.
369 1573 471 1613 Atque
491 1572 549 1601 hae
574 1581 632 1601 nos
657 1569 768 1602 similis
789 1581 970 1612 graecarum
997 1571 1176 1601 vocularum
1195 1571 1233 1602 οὔ
1255 1571 1293 1607 δή
1312 1580 1386 1601 usus
1412 1570 1594 1602 admonent:
1620 1571 1709 1612 cuj-e
1735 1571 1814 1602 ratio

191 1624 264 1654 inde
285 1630 331 1654 est
350 1623 461 1664 plana,
490 1622 576 1664 quod
603 1624 639 1659 δή
666 1622 834 1663 temporale
851 1622 1004 1652 locutioni
1032 1623 1143 1654 οὐκέτι
1172 1621 1346 1663 oppositum
1372 1628 1426 1653 est.
1467 1622 1579 1664 Eun-ip.
1599 1621 1702 1653 Orest.
1726 1623 1813 1664 1069.

191 1678 244 1708 σοὶ
274 1676 330 1716 μὲν
355 1675 418 1715 γάρ
445 1678 519 1707 ἐστι
545 1675 657 1712 πόλις,
686 1676 756 1716 ἐμοὶ
783 1675 811 1705 δ’
832 1676 890 1706 οὐκ
918 1674 991 1705 ’ἐστι
1013 1675 1060 1711 δή.
1103 1673 1200 1714 Soph.
1227 1672 1309 1704 Oed.
1338 1672 1407 1704 Col.
1427 1684 1493 1705 110.
1535 1675 1656 1716 οὗ,γὰρ
1685 1676 1723 1712 δὴ
1744 1676 1814 1715 τόγ’

194 1726 330 1766 ἀρχαῖον
353 1727 452 1767 δέμας
467 1726 527 1761 “L
569 1726 618 1756 Ex
640 1725 742 1755 eedem
770 1725 857 1767 lege,
888 1725 1001 1765 quippe
1029 1735 1099 1754 cum
1121 1725 1203 1754 idem
1234 1726 1271 1761 δή
1292 1725 1339 1755 vel
1360 1725 1417 1761 ἤδη
1438 1726 1615 1767 oppositum
1642 1730 1689 1767 τῷ
1709 1727 1814 1758 οὔπω

193 1775 253 1814 sit,
281 1778 414 1807 nondum
442 1777 512 1807 illas
538 1784 649 1808 sonare
678 1787 784 1817 posse,
815 1776 1012 1817 intelligitur.
1057 1776 1188 1806 Pausan.
1215 1775 1341 1806 Achaic.
1370 1786 1397 1806 c.
1414 1786 1462 1807 22.
1488 1788 1519 1817 p.
1530 1777 1601 1808 580.
1643 1779 1814 1810 πυθέσθαι

194 1828 252 1868 μὲν
273 1827 328 1865 ἤδη
349 1829 395 1859 τὰ
416 1829 568 1868 ὀνόματα
591 1832 700 1860 αὐτῶν
722 1829 778 1859 οὐκ
802 1829 939 1869 εἴχομεν.

195 1987 399 2028 βαδίσειςς
422 1986 485 2024 ἤδη
508 1986 720 2028 βεβάδικα.
757 1987 803 2019 Τὸ
826 1987 861 2018 δὲ
875 1986 980 2019 Ἴλιον
1002 1985 1110 2026 φάναι
1133 1984 1190 2023 ἤδη
1207 1984 1384 2018 ἑαλωκέναι
1399 1985 1436 2017 οὗ
1458 1986 1611 2027 λέγομεν,
1633 1986 1687 2019 ὅτι
1707 1988 1814 2028 πόῤῥω

192 2039 271 2070 λίαν
299 2042 361 2070 τοῦ
388 2042 458 2071 νῦν.

130 2103 161 2135 ’)
183 2100 313 2132 suidas:
356 2102 401 2136 Δή
424 2101 500 2131 ἀντὶ
522 2106 583 2131 τοῦ
604 2106 672 2133 νῦν.
717 2102 957 2142 ’Λριστοφάνης
978 2100 1132 2139 νεφέλαις
1153 2104 1293 2140 (νηοῦ).

607 2153 763 2193 Φρόντιξε
796 2153 834 2190 δὴ
854 2154 912 2184 καὶ
934 2152 1074 2194 διάθρει.

190 2203 361 2243 Σωκράτης
381 2203 470 2244 λέγει
491 2204 568 2243 πρὸς
591 2205 650 2235 τὸν
671 2206 854 2245 πρεσβύτην
875 2206 915 2235 τὸ
938 2207 974 2241 δή
999 2205 1199 2244 ἰσοὸὐναμον
1220 2206 1266 2243 τῷ
1285 2207 1353 2234 νῦν.

110 2265 159 2300 **)
183 2265 274 2295 Van-r.
297 2274 331 2295 re
352 2269 428 2295 rust.
438 2264 476 2303 ll,
497 2268 528 2303 4,
551 2273 598 2306 27.
620 2276 719 2307 neque
739 2265 964 2306 jamlactentes
985 2271 1142 2296 vocantur.
