2103 2432
1161 150 1203 182 15

310 278 355 312 Η.
388 282 463 317 Οὐκ
492 277 610 313 ἐννοῶ.
669 274 704 309 S.
742 273 839 312 Οὐδὲ
876 272 936 309 ὅτι
976 276 1143 323 χρυσοῦν
1182 275 1281 319 γένος
1325 275 1371 310 τὸ
1408 274 1564 322 ’πρῶτόν
1611 280 1708 326 ’φησι
1752 277 1927 321 γενέσθαι
1971 271 2049 317 τί.

310 340 529 388 ἀνθρώπωνς
583 335 627 369 Η.
669 332 765 370 Οἶδα
796 334 911 368 τοῦτό
946 346 996 377 γε.
1046 332 1082 367 S.
1112 335 1220 378 Λέγει
1248 332 1374 368 τοίνυν
1406 333 1490 380 περὶ
1521 336 1651 370 αὐτοῦ·
1717 357 1742 375 ,,
1752 335 1880 382 Αὐτὰρ
1925 327 2062 376 exem

307 400 424 433 τοῦτο
447 396 545 441 γένος
562 399 629 428 etc.
639 394 663 412 “
712 391 757 426 H.
781 391 829 427 Τι’
849 388 913 426 οὖν
937 389 996 434 δή;
1031 390 1118 437 quid
1142 390 1255 438 igitur
1277 389 1408 438 porro!
1458 391 1557 427 Item.
1589 390 1678 426 Plat.
1703 390 1835 427 Phaed.
1865 403 1902 439 p.
1918 393 1976 429 59.
2002 391 2045 428 C.

309 457 348 493 τί
370 454 435 491 οὖν
462 453 524 496 δή;
553 453 666 494 τίνες,
691 451 782 502 φῄς,
807 448 903 492 ἦσαν
927 452 963 484 οἱ
984 451 1103 495 λόγοι,-
1129 454 1224 489 (ηαη
1241 450 1412 490 ωειίεΓΙ)
1446 450 1536 486 Plat.
1555 450 1680 497 Symp.
1701 462 1742 497 p.
1755 452 1839 486 206.
1874 451 1918 486 Ε.
1932 450 2045 488 Ἔστι
2066 491 2070 494 ,

309 516 399 562 γὰρ,
438 512 463 548 ὦ
497 514 560 554 Σ.,
604 507 695 561 ἔφη,
729 513 772 546 οὐ
808 510 880 543 τοῦ
914 509 1029 542 καλοῦ
1065 510 1085 542 ὁ
1119 504 1225 554 ἔρως,
1269 511 1313 548 ὡς
1352 511 1400 545 σὺ
1432 508 1511 544 οἴει.
1559 510 1706 551 ,,Ἀλλο“ι
1737 509 1778 544 τί
1802 510 1928 554 μήν;“
1971 512 2048 552 Τῆς

309 574 496 619 γεννήσεως
537 568 599 604 καὶ
639 569 710 603 τοῦ
748 566 859 602 τόκου
903 568 942 602 ἐν
972 568 1026 612 τῷ
1068 568 1174 612 καλῷ.
1227 592 1251 609 ,‚
1261 564 1365 610 Εἶεν,
1406 564 1449 609 ἦν
1481 564 1514 602 δ’
1545 567 1657 612 ἑγώ.“
1721 569 1829 604 Πάνυ
1865 570 1934 613 μὲν
1967 566 2048 612 οὖν,

307 629 390 680 ἔφη.
436 630 519 671 ,,Τί
552 625 594 669 δὴ
625 625 690 661 οὖν
724 617 788 666 τῆς
819 624 1061 670 γεννήσεως,·“
1106 622 1195 658 Plat.
1228 623 1378 659 Phaedr.
1409 636 1446 670 Ρ.
1460 626 1542 660 265.
1579 625 1618 660 C.
1653 628 1728 666 πῶς
1767 622 1811 667 δὴ
1848 624 1915 662 οὖν
1948 627 2046 662 αὐτὸ

307 689 440 732 λέγεις;
475 682 739 720 Stallhaumius
770 680 819 716 ad
849 681 939 716 Plat.
974 680 1061 717 Crit.
1093 693 1130 729 p.
1144 681 1202 719 49.
1225 682 1291 725 D.,
1331 679 1374 725 δὴ
1410 681 1477 718 οὖν
1511 682 1558 717 ab
1592 682 1660 721 οὖν
1690 681 1736 726 δή
1768 682 2047 720 discriminans:

310 744 515 786 Differunt,
555 742 693 789 inquit,
730 740 794 777 οὖν
823 739 866 782 δή
898 747 934 775 et
966 740 1007 782 δὴ
1036 740 1104 777 οὖν
1133 740 1209 775 fere
1243 747 1286 775 ut
1319 746 1487 775 nostrum
1523 752 1603 775 nan
1637 741 1723 777 also
1760 747 1797 776 et
1837 741 1921 777 also
1954 754 2047 779 nun.

313 802 421 848 Quod
450 802 481 837 si
508 801 654 836 inverso
689 798 817 835 ordine
851 798 1005 834 dixisset
1028 803 1085 840 (ut
1108 806 1276 835 nostrum
1311 798 1396 834 also
1425 810 1505 834 nun
1536 806 1573 835 et
1601 809 1681 835 nun
1707 799 1826 843 also),
1864 800 1933 836 etsi
1962 801 2049 837 also

310 873 390 897 nun
415 873 460 896 ne
485 861 556 895 dici
579 859 725 907 quidem
748 864 839 905 puto
865 869 888 892 a
910 858 1136 893 nostratibus
1161 869 1237 893 una
1266 857 1453 893 locutione
1477 858 1754 902 consociatum,
1786 865 1911 894 tamen
1935 859 2047 895 habe-

308 931 387 956 rem
427 920 588 967 aliquam
624 917 824 954 sententiae
866 916 946 963 ejus
989 916 1247 963 suspicionem.
1306 916 1462 952 Videtur
1497 917 1594 952 enim
1633 916 1818 965 particula
1860 917 1923 963 δή,
1962 930 2049 955 cum

311 979 563 1026 anteponitur,
607 977 792 1024 consequi
825 975 889 1011 vel
918 975 1056 1024 colligi
1087 976 1232 1024 aliquid
1259 988 1313 1011 ex
1342 976 1660 1013 antecedentibus
1692 977 1921 1025 significare,
1963 990 2049 1014 cum

309 1039 562 1085 postponitur,
592 1027 714 1084 pergi
734 1036 788 1069 ad
814 1035 1101 1082 subsequentia.-
1132 1034 1191 1070 vel
1223 1034 1262 1068 in
1294 1033 1360 1069 illa
1387 1034 1557 1082 positura
1589 1035 1898 1083 argumentationi
1930 1036 2045 1072 inser·
2070 1070 2073 1072 .

309 1097 385 1133 vire
425 1104 461 1133 et
499 1096 653 1132 voculae
689 1094 754 1132 οὖν
787 1093 860 1130 vim
898 1093 1137 1141 amplificare,
1178 1095 1217 1129 in
1259 1094 1349 1137 hac,
1390 1094 1498 1142 quasi
1532 1095 1759 1143 provinciam
1796 1096 1928 1132 sortita
1962 1108 2047 1133 cum

309 1157 492 1205 particula
515 1155 598 1199 οὖν,
622 1155 675 1190 ita
696 1160 739 1189 ut
763 1152 1088 1200 argumentationis
1112 1153 1186 1189 vim
1209 1153 1295 1188 huic
1319 1153 1519 1201 relinquat,
1551 1154 1746 1190 transitum
1777 1166 1922 1202 parare.
1973 1155 2047 1191 Sed

308 1227 440 1252 vereor
469 1221 511 1251 ut
542 1214 602 1250 vel
630 1214 723 1250 haec
756 1212 817 1249 vel
848 1211 927 1247 ulla
962 1211 1147 1247 distinctio
1181 1219 1280 1248 stare
1312 1212 1446 1259 possit.
1495 1213 1637 1259 Quibus
1665 1220 1778 1249 curae
1808 1214 1900 1259 erit,
1935 1215 2046 1251 etiam

309 1276 399 1310 haec
424 1274 594 1322 exempla
620 1271 828 1309 accuratius
860 1270 1080 1317 expendant.
1129 1271 1218 1307 Plat.
1245 1270 1377 1307 Phaed.
1411 1271 1489 1308 init.
1537 1271 1628 1307 Ihid.
1652 1284 1689 1319 p.
1707 1272 1767 1309 64.
1792 1274 1836 1309 A.
1868 1285 1905 1320 p.
1923 1276 1982 1310 61.
2000 1275 2043 1310 E.

309 1334 459 1369 Phaedr.
482 1345 519 1379 p.
530 1337 611 1369 237.
636 1333 681 1368 D.
712 1330 824 1377 Soph.
856 1342 892 1376 p.
912 1329 994 1367 249.
1020 1330 1067 1365 D.
1100 1329 1248 1366 Theaet.
1278 1342 1314 1377 p.
1335 1333 1413 1367 158.
1443 1332 1485 1366 A.
1525 1330 1660 1367 Herod.
1679 1331 1707 1375 1,
1725 1334 1784 1368 30.
1803 1334 1862 1369 58.
1883 1335 1940 1369 75.
1962 1336 2044 1369 210.

309 1393 398 1428 Plat.
422 1391 572 1427 Phaedr.
601 1402 637 1437 p.
659 1389 741 1426 242.
765 1390 804 1425 C.
835 1388 971 1424 Herod.
985 1387 1012 1431 Ι,
1039 1392 1119 1425 115.
1148 1389 1193 1434 11,
1214 1393 1271 1427 28.
1293 1393 1351 1426 30.

453 1456 483 1492 §.
510 1454 568 1487 30.
617 1450 765 1492 Restat,
796 1454 849 1492 ut·
871 1447 916 1483 de
948 1459 1021 1483 usu
1053 1448 1356 1494 conjunctionum
1380 1448 1422 1491 δή
1446 1459 1513 1484 seu
1535 1448 1663 1495 2'2'3r1jn
1692 1448 2045 1498 interrogationibus

309 1511 484 1546 dicamus.
534 1510 575 1544 ln
601 1508 735 1555 quibus
760 1517 836 1541 non
861 1506 933 1541 alia
957 1517 1068 1553 quam
1083 1506 1121 1540 in
1147 1506 1399 1553 superioribus
1425 1513 1558 1541 natura
1582 1513 1639 1542 est
1657 1518 1795 1552 earum,
1820 1509 1908 1545 dum
1925 1516 2044 1546 trans-

309 1569 400 1604 itum
430 1568 478 1603 ad
506 1567 706 1613 conjuncta
738 1571 774 1601 et
801 1565 1013 1612 propinqua
1044 1565 1268 1612 significant,
1293 1564 1565 1600 consecutionis
1595 1566 1774 1602 rationem
1803 1566 2043 1604 involventes.

311 1628 454 1675 Quippe
479 1626 670 1669 adhibent,
696 1624 780 1672 qui,
811 1636 887 1660 non
912 1630 1178 1671 cognoscentes
1203 1623 1292 1671 quid
1314 1630 1439 1659 narret
1463 1623 1556 1659 alter
1578 1625 1637 1660 vel
1661 1625 1752 1673 quid
1775 1626 1893 1670 dicat,
1919 1627 2044 1663 scisci-

309 1687 420 1722 tando
445 1685 702 1721 hortantur·ut
725 1690 856 1730 pergat
880 1682 1076 1730 explicare.
1124 1682 1315 1729 Aristoph.
1336 1685 1403 1718 Av.
1428 1685 1511 1720 326.
1537 1696 1620 1719 cum
1641 1685 1770 1733 Epops
1795 1685 1988 1722 advenisse
2007 1693 2045 1722 et

309 1751 478 1792 receptos
503 1755 526 1778 a
550 1754 589 1778 se
614 1742 707 1778 duos
740 1741 907 1778 homines
941 1747 1146 1786 narrasset,
1185 1740 1329 1777 Chorus
1363 1744 1504 1780 κάστὸν
1534 1743 1597 1786 ἤδη
1620 1748 1710 1790 ποῦς
1746 1746 1845 1786 (und
1873 1757 1934 1782 wo
1957 1746 2048 1782 sind

309 1807 365 1841 sie
388 1805 492 1839 dann
501 1804 533 1844 2)
557 1801 771 1850 interrogat.
820 1802 915 1836 Xen.
939 1800 1047 1848 Apol.
1069 1804 1123 1837 18.
1147 1806 1219 1843 πῶς
1243 1807 1308 1839 οὐκ
1332 1801 1380 1838 ἂν
1402 1800 1468 1846 ἤδη
1492 1801 1634 1844 δικαίως
1659 1805 1890 1850 ἐπαινοίμην,·
1913 1805 2044 1853 Eurip.

308 1863 387 1898 Alc.
407 1865 487 1899 555.
527 1862 634 1895 Herc.
668 1860 755 1897 Φεΰέ
793 1863 860 1897 εἴθ’
893 1859 1045 1909 εὕρομέν
1076 1861 1123 1903 σ’,
1148 1858 1325 1906 Ἄδμητε,
1355 1862 1405 1906 μὴ
1438 1860 1680 1907 λυπούμενονέ
1711 1861 1818 1898 Adm.
1851 1867 1895 1907 ὡς
1929 1863 1972 1907 δὴ
2002 1866 2043 1902 τί

309 1921 454 1973 δράσων
483 1919 579 1956 τόνδ’
608 1921 855 1971 ὑποῤῥάπτεις
895 1921 1030 1967 λόγονς
1074 1918 1248 1967 quidnam
1283 1919 1397 1967 igitur
1432 1919 1597 1955 facturus
1634 1919 1706 1956 hoc
1742 1921 1865 1958 dicis?
1911 1923 2029 1971 Eurip

309 1981 409 2017 Med.
425 1983 506 2017 980.
539 1978 638 2013 Med.
673 1977 836 2025 ἤγγειλας
868 1977 915 2014 οἷ’
951 1979 1134 2025 ἤγγειλας·
1169 1985 1212 2016 οὐ
1242 1982 1286 2016 σὲ
1318 1981 1524 2028 μέμφομαι.
1574 1979 1682 2014 Paed-
1716 1982 1756 2017 τί
1789 1980 1833 2025 δὴ
1866 1988 2040 2035 κατηφεῖς

309 2040 424 2087 ὄμμα,
448 2039 507 2075 καὶ
532 2037 783 2088 δακρυῤῥοεῖςς
807 2037 943 2072 Herod.
961 2037 995 2080 I,
1022 2039 1080 2073 30.
1107 2036 1183 2086 κοίῃ
1209 2036 1251 2079 δὴ
1276 2039 1406 2089 κρίνεις
1423 2044 1491 2073 eto.
1540 2037 1630 2074 Plat.
1655 2038 1808 2075 Phaedr.
1832 2052 1869 2088 p.
1889 2045 1970 2079 235.
1996 2043 2038 2079 C.
2081 2073 2084 2076 .

309 2099 387 2134 Ast.
422 2097 468 2132 ad
490 2097 526 2131 h.
544 2096 569 2130 1.
618 2095 706 2131 Plat.
732 2096 821 2143 Rep.
836 2097 904 2140 IV,
937 2109 973 2143 p.
993 2095 1075 2132 421.
1101 2096 1145 2131 D.
1188 2099 1274 2138 τοὺς
1305 2095 1441 2137 ἄλλους
1472 2096 1520 2133 αὖ
1552 2095 1791 2148 δημιουργοὺς
1822 2102 1971 2144 σκόπει,
2009 2105 2040 2138 εὶ

310 2157 401 2192 τάδε
425 2155 652 2205 διαφθείρει,
678 2154 773 2191 ὥστε
799 2156 859 2190 καὶ
883 2157 1013 2197 κακοὺς
1037 2155 1238 2201 γίγνεσῇαι.
1287 2180 1310 2199 ‚‚
1322 2156 1381 2191 Τὰ
1404 2160 1494 2191 ποῖα
1518 2152 1562 2198 δὴ
1585 2159 1711 2193 ταῦτα
1719 2158 1765 2202 ,·“
1789 2161 1975 2204 Πλοῦτος,
2000 2158 2043 2203 ἣν

308 2215 339 2251 δ’
363 2218 447 2261 ἐγὼ,
470 2216 532 2251 καὶ
554 2216 669 2251 πενία.
716 2218 827 2258 »Πῶς
852 2213 944 2257 δή,·“
975 2213 1105 2249 Aesch.
1132 2214 1237 2248 Eum.
1251 2216 1333 2250 601.
1358 2218 1431 2255 πῶς
1453 2213 1514 2259 δής
1540 2212 1688 2259 δίδαξον
1712 2217 1799 2259 τοὺς
1825 2215 2041 2263 δικάζοντας
